2710 4374
380 403 450 456 um.
468 401 521 456 111.
556 403 636 456 eur.
650 406 743 458 21-aa
779 403 899 466 §area
1077 407 1139 472 155

124 555 200 633 tatis
222 553 488 641 opinionemque
509 553 708 642 quaerimus,
726 563 886 642 magnum
905 555 992 622 illud
1014 556 1141 626 bellum

122 656 265 744 perfuga
284 678 376 723 unus
393 664 428 722 et
444 677 581 744 gravem
599 657 823 724 adversarium
845 659 979 746 imperii
996 660 1142 727 sustulis-

124 766 181 843 set,
203 757 263 824 sed
285 780 455 846 magnum
467 759 609 826 dedecus
630 767 665 826 et
685 759 861 847 flagitium,
878 761 1014 848 quicum
1035 761 1141 829 laudis

122 868 291 928 certamen
316 861 448 945 fuisset,
464 883 542 926 eum
560 883 627 928 non
646 863 782 945 virtute,
800 862 858 930 sed
875 863 995 931 sceiere
1012 885 1142 953 supera·
1180 909 1184 918 -

103 972 205 1030 otum.
251 964 385 1031 Utrum
407 965 511 1051 igitur
533 964 648 1030 utilius
671 965 725 1030 vel
748 964 909 1050 Fabricio,
927 968 986 1054 qui
1009 969 1084 1036 talis
1105 969 1140 1034 in
1152 974 1189 1035 87

124 1067 184 1134 lrao
209 1068 306 1152 urbe,
335 1066 443 1156 qualis
458 1067 625 1134 Aristides
649 1067 805 1152 Athenis,
828 1068 906 1151 fuit,
932 1070 988 1136 vel
1013 1072 1142 1138 senatui

124 1177 246 1254 nostro,
270 1171 335 1257 qui
358 1190 542 1256 numquam
566 1170 745 1238 utilitatem
764 1193 784 1237 a
801 1171 964 1260 dignitate
986 1175 1142 1258 seiunxit,

125 1273 223 1337 armis
238 1294 319 1338 eum
335 1272 432 1338 hoste
449 1280 574 1340 certare
593 1293 635 1338 an
651 1274 810 1341 venenis?
853 1274 890 1341 si
907 1276 1031 1363 gloriae
1046 1299 1142 1344 eausa

126 1374 308 1462 imperium
330 1375 563 1464 exputandum
589 1384 649 1460 est,
671 1377 776 1444 scelus
798 1378 893 1460 absit,
921 1379 957 1442 in
986 1401 1052 1466 quo
1074 1401 1140 1446 non

94 1485 234 1564 rapoteet
256 1499 332 1544 esse
350 1477 477 1566 gloria3
500 1479 550 1544 sin
574 1479 662 1566 ipsae
684 1501 764 1567 opes
786 1488 988 1566 expetuntur
1008 1501 1143 1568 quoquo

127 1579 235 1660 modo,
251 1601 322 1646 non
342 1587 501 1668 poterunt
515 1579 614 1648 utiles
628 1603 698 1649 esse
715 1603 792 1648 oum
808 1581 955 1647 infamia.
988 1581 1024 1648 N
1025 1605 1067 1648 on
1084 1584 1144 1671 igi·

128 1687 182 1747 tur
195 1681 290 1748 utilis
305 1682 367 1748 illa
383 1681 421 1748 L.
437 1681 590 1771 Philippi
605 1683 647 1762 Q.
663 1684 689 1750 f.
708 1683 883 1768 sententia,
899 1705 979 1771 quas
994 1685 1143 1752 civitates

129 1782 165 1848 L.
183 1783 278 1851 Sulla
291 1787 437 1873 pecunia
451 1796 584 1873 aooeptu
599 1808 641 1852 ex·
657 1796 790 1854 senatus
809 1788 959 1854 consulto
976 1787 1144 1854 liberavis-

130 1893 188 1970 set,
203 1896 242 1954 ut
256 1910 320 1956 eae
335 1910 446 1956 rursus
463 1889 638 1977 vectigales
653 1898 761 1956 essent
776 1911 885 1978 nequo
902 1891 943 1956 iis
958 1892 1143 1978 pecuniam,

101 2009 229 2074 uquam
244 2012 309 2077 pro
326 1991 478 2058 libertate
495 1991 665 2075 dederant,
681 1993 921 2059 redderemus
947 1992 989 2059 Ei
1012 2001 1144 2060 senatus

133 2094 180 2178 est
194 2113 357 2160 assensus.
403 2093 696 2182 Turpe-imperio!
719 2096 901 2183 piratarum
919 2096 1008 2162 enirn
1027 2096 1144 2163 melior

134 2191 213 2260 fides
227 2216 333 2283 quam
351 2204 492 2262 senatus
538 2197 702 2263 Atauota
726 2197 907 2284 vectigalia,
926 2197 1008 2265 utile
1029 2199 1142 2286 igitur.

135 2294 318 2386 Quousque
332 2298 502 2366 audebunt
516 2299 627 2366 dicere
648 2300 825 2387 quiequam
848 2301 940 2384 utile,
963 2301 1052 2388 qnod
1075 2323 1143 2367 non

135 2396 334 2468 honestumi
352 2410 460 2489 potest
472 2411 582 2468 autem
593 2401 653 2468 ulli
664 2404 815 2491 imperio,
827 2403 917 2490 quod
928 2403 1034 2490 gloria
1045 2405 1192 2470 debet88

106 2499 257 2570 assultum
277 2526 349 2571 esse
363 2512 397 2571 et
414 2504 638 2571 benivolentia
652 2507 827 2587 sociorum,
842 2505 925 2570 utile
943 2526 1012 2570 esse
1029 2506 1144 2570 odium

138 2611 169 2670 et
193 2605 357 2674 infamiat
400 2605 473 2694 Ego
497 2607 597 2674 etiam
619 2623 695 2675 oum
719 2608 846 2674 Catone
868 2627 943 2673 meo
964 2627 1061 2692 saepe
1083 2606 1146 2670 dis·

138 2709 219 2774 sensi
232 2730 241 2792 ;
256 2710 358 2775 nimis
373 2709 456 2776 mihi
471 2709 655 2797 praefracte
673 2709 849 2775 videbatur
865 2707 1029 2773 aerarium
1047 2705 1145 2772 reati·

138 2809 288 2900 galiaqne
314 2811 502 2897 defendere,
529 2813 641 2878 omnia
669 2809 854 2898 publicanis
879 2829 1009 2896 negare,
1038 2807 1146 2874 multa

139 2911 239 2998 sociis,
260 2937 337 2981 eum
358 2914 394 2979 in
416 2912 477 2980 hos
499 2911 639 2980 benefici
661 2933 731 2980 esse
753 2911 957 2995 deberemus,
981 2933 1057 2977 oum
1079 2909 1145 2977 illis

111 3013 183 3080 rasio
206 3039 314 3106 agere,
343 3025 382 3084 ut
406 3038 482 3084 oum
510 3016 636 3083 eolonis
667 3015 788 3086 nostris
820 3014 1006 3098 soleremus,
1039 3035 1145 3101 eoque

142 3119 251 3204 magis,
278 3119 368 3207 quod
390 3119 449 3186 illa
475 3119 630 3185 ordinum
652 3118 842 3185 eoniunotio
864 3117 905 3183 ad
927 3117 1068 3187 salutem
1095 3117 1145 3184 rei

142 3220 288 3301 publicae
310 3222 507 3310 pertinebat
550 3219 640 3290 Male
662 3222 763 3288 etiam
786 3220 898 3304 Ourio,
914 3242 991 3288 eum
1012 3241 1144 3288 eausam

143 3316 448 3412 Transpadanorum
465 3344 602 3410 aequam
625 3345 696 3391 esse
717 3324 857 3406 dicebat,
880 3345 1011 3411 semper
1032 3332 1145 3390 autem

143 3422 295 3494 addebat:
323 3431 344 3466 “
354 3426 479 3494 Vincat
501 3426 626 3492 utilitas
638 3426 668 3492 1³²
691 3425 811 3493 Potius
832 3425 962 3492 doceret
983 3447 1052 3492 non
1075 3447 1145 3493 esse

115 3542 285 3614 essequam,
300 3529 378 3616 quia
395 3550 465 3595 non
481 3535 566 3594 esset
583 3527 675 3594 utilis
692 3528 741 3594 rei
758 3526 919 3615 publicae,
938 3549 1048 3613 quam,
1067 3549 1144 3595 eum

145 3628 254 3696 utilem
273 3652 340 3710 non
355 3649 425 3697 esse
440 3629 574 3713 diceret,
589 3651 658 3696 esse
672 3649 812 3716 aequam
825 3627 998 3695 fateretur.
1148 3686 1192 3754 ²3

183 3728 306 3815 Plenus
325 3740 375 3800 est
393 3739 508 3800 sextus
526 3731 611 3800 libor
631 3731 674 3800 de
693 3729 808 3798 officiis
826 3729 1008 3798 Hecatonis
1026 3729 1143 3796 talium
1155 3776 1193 3830 89
