2710 4374
165 361 231 428 134
557 355 610 410 uu
632 358 787 412 omens

166 510 312 579 beluaea
327 507 497 578 communi
511 515 681 595 tamquam
693 507 908 574 humanitatis
920 529 1059 596 corpore
1073 530 1183 597 segre-

164 613 273 702 ganda
287 619 345 680 est.
385 609 499 678 Huius
512 609 645 699 generis
659 611 870 698 quaestiones
884 619 962 677 sunt
977 633 1094 678 omnes
1113 635 1181 695 eae,

165 717 201 782 in
216 715 338 802 quibus
352 735 395 781 ex
410 721 560 801 tempore
574 712 720 780 officinm
734 713 931 800 exquiritur.

208 817 290 884 Eius
305 817 396 884 modi
410 815 515 904 igitur
528 815 627 882 oredo
642 837 694 882 ree
709 814 909 883 Panaetium
926 823 1185 902 persecuturum

166 919 279 1004 fuisse,
294 919 359 984 nisi
387 917 489 1005 aliqui
513 939 604 984 casus
627 926 685 983 aut
711 919 885 1005 occupatio
908 919 979 984 eius
1002 919 1217 1004 consiliums

165 1023 368 1110 peremisset.
410 1021 470 1086 Ad
485 1041 566 1108 quas
580 1019 666 1108 ipsas
681 1021 937 1088 consultationes
949 1023 1185 1108 superioribus

166 1124 259 1191 libris
280 1124 359 1190 satis
380 1122 486 1188 multa
507 1129 683 1211 praecepta
708 1130 796 1206 sunt,
821 1145 863 1188 ex
892 1124 1015 1210 quibus
1036 1125 1185 1212 perspici

167 1226 280 1314 possit,
294 1225 375 1312 quid
390 1226 433 1291 eit
450 1233 587 1312 propter
604 1225 847 1312 turpitudinem
865 1225 1079 1312 fugiendum,
1097 1227 1184 1312 quid

166 1328 220 1412 sit,
243 1327 333 1416 quod
358 1327 482 1394 idcireo
510 1327 711 1415 fugiendum
740 1349 808 1394 non
837 1328 891 1412 sit,
917 1329 1007 1415 quod
1041 1331 1184 1395 omnino

166 1439 265 1520 turpe
290 1451 357 1497 non
384 1429 437 1497 sit.
481 1429 548 1496 Sed
573 1431 732 1519 quoniam
760 1431 854 1518 operi
882 1431 1048 1516 inchoato,
1076 1455 1183 1519 prope
1191 1455 1215 1495 ιο

167 1543 278 1600 tamen
294 1529 447 1600 absoluto
457 1539 628 1620 tamquam
642 1528 817 1621 fastigium
833 1535 1033 1622 inponimus,
1049 1543 1089 1601 ut
1103 1557 1183 1623 geo

168 1645 292 1704 metrae
306 1636 412 1704 solent
424 1657 491 1701 non
507 1636 619 1702 omnia
631 1635 759 1719 dooere,
771 1636 829 1702 sed
842 1637 1019 1724 postulare,
1030 1646 1070 1704 ut
1082 1659 1181 1725 quac·

167 1739 243 1805 daur
260 1739 323 1806 sibi
338 1737 570 1820 concedantur,
588 1759 656 1824 quo
671 1738 813 1820 facilius,
829 1760 914 1824 quae
932 1739 1060 1823 volunt,
1076 1741 1181 1827 expli-

167 1849 254 1926 cent,
272 1843 319 1908 sic
333 1863 396 1929 ego
410 1848 474 1908 ate
487 1841 629 1928 postulo,
649 1841 696 1906 rni
711 1840 839 1924 Cicero,
855 1849 893 1907 nt
909 1842 992 1908 mihi
1006 1845 1176 1927 concedas,

136 1962 140 1970 ’
168 1945 197 2011 ei
210 1953 314 2032 potes,
329 1943 414 2009 nihil
428 1951 559 2032 praeter
572 1943 618 2026 id,
630 1944 719 2030 quod
734 1942 910 2010 honestum
926 1946 979 2028 sit,
994 1944 1133 2034 propter
1143 1969 1213 2014 seu

169 2068 239 2114 esse
256 2047 489 2134 expetendum.
534 2046 592 2112 Sin
609 2045 673 2113 hoo
694 2067 762 2112 non
785 2047 862 2113 licet
884 2069 945 2134 per
967 2049 1175 2137 Cratippum,

169 2156 203 2216 at
218 2148 301 2214 illud
316 2157 404 2216 certe
419 2149 522 2233 dabis,
534 2149 625 2236 quod
638 2148 814 2215 honesturn
826 2150 878 2234 sit,
890 2151 925 2216 id
938 2153 1006 2218 esse
1022 2173 1177 2220 maxume

169 2257 305 2339 propter
333 2272 368 2318 se
392 2252 626 2339 expetendum.
670 2250 758 2316 Mihi
778 2253 945 2318 utrumvis
966 2255 1044 2320 satis
1066 2263 1116 2321 est
1143 2266 1177 2322 et

169 2365 242 2420 tum
260 2351 333 2437 hoe,
348 2361 422 2420 tum
443 2353 528 2420 illud
551 2353 753 2442 probabilius
768 2354 902 2420 videtur
924 2376 986 2422 nee
1008 2367 1177 2443 praeterea

122 2457 344 2544 nequicquam
368 2456 547 2544 probabile.
592 2457 645 2523 Ac
675 2456 821 2542 primum
853 2457 889 2522 in
911 2456 974 2524 hoe
997 2457 1210 2526 Panaetiusro

170 2558 398 2626 defendendus
413 2567 473 2641 est,
485 2558 573 2646 quod
588 2579 655 2624 non
667 2558 762 2624 utilia
777 2579 852 2624 cum
867 2557 1015 2626 honestis
1029 2583 1176 2648 pugnare

169 2663 347 2752 aliquando
364 2684 458 2751 posse
473 2661 595 2728 dixerit
607 2659 727 2747 (neque
742 2661 832 2726 enim
844 2660 876 2726 ei
887 2660 939 2726 ias
954 2664 1046 2748 erat),
1059 2665 1116 2730 sed
1129 2687 1176 2750 ea,

170 2787 255 2853 quae
281 2767 472 2833 viderentur
499 2764 605 2830 utilia.
648 2761 746 2828 Nihil
770 2785 850 2828 vero
874 2763 967 2848 utile,
994 2767 1085 2852 quod
1110 2790 1174 2834 non

170 2869 260 2935 idem
279 2870 463 2948 honesturn,
482 2866 567 2932 nihil
585 2866 771 2948 honestum,
786 2866 876 2952 quod
893 2888 961 2933 non
979 2869 1069 2935 idem
1096 2871 1177 2936 utile

170 2969 223 3052 sit,
242 2991 338 3056 saepe
355 2978 494 3036 testatur
511 2977 677 3056 negatque
694 2967 797 3032 ullam
815 2977 942 3055 pestem
961 2971 1120 3038 maiorem
1142 2973 1206 3036 inas

171 3071 273 3136 vitam
290 3071 462 3138 hominum
477 3071 635 3137 invasisse
649 3090 749 3157 quam
764 3091 880 3137 eorum
898 3073 1099 3159 opinionem,
1119 3075 1174 3161 qui

171 3175 234 3240 ista
255 3173 475 3238 distraxerint.
519 3172 648 3262 Itaque,
663 3195 730 3240 uon
748 3173 981 3261 utaliquando
1002 3184 1175 3263 antepone·

171 3275 394 3344 remusutilia
411 3275 568 3359 honestis,
587 3278 644 3343 sed
661 3285 700 3342 ut
717 3298 756 3342 oa
773 3277 844 3344 sine
861 3299 971 3344 errore
988 3279 1173 3345 diiudicare·

171 3400 256 3461 nans,
272 3377 446 3465 siquando
470 3378 672 3462 incidissent,
690 3379 823 3445 induxit
848 3401 931 3464 eam,
947 3402 1031 3467 qnae
1054 3381 1174 3447 videre-

129 777 150 846 ’1

119 871 157 924 aa

172 3491 320 3565 teresse,
338 3503 404 3546 non
422 3501 507 3568 qnae
530 3491 624 3564 esset,
649 3482 911 3568 repugnantiam.
956 3485 1053 3551 Hanc
1074 3485 1206 3572 igiturne

170 3593 299 3676 partem
315 3584 462 3652 relictam
481 3584 686 3672 explebimus
704 3583 805 3650 nullis
822 3584 1041 3670 adminiculis,
1056 3588 1122 3671 sed,
1138 3597 1173 3652 ut

170 3690 303 3773 dicitur,
319 3687 427 3756 Marte
441 3695 563 3754 nostro.
609 3686 729 3772 Neque
751 3687 842 3752 euim
865 3687 1042 3775 quicquam
1064 3697 1113 3755 est
1135 3690 1173 3754 dc
