2734 4362
437 399 507 451 nra.
527 399 549 450 1.
585 398 664 450 cnr.
685 399 774 451 1aco.
811 399 933 460 scr-cr.
1142 402 1191 465 ,35

183 549 288 614 animi
302 549 532 637 magnitudine
550 571 704 616 maxume
721 549 865 634 excellit,
882 549 928 616 ita
947 571 1102 616 maxume
1120 550 1192 616 vult

183 653 336 740 princeps
358 654 509 720 omnium
530 653 584 720 vel
605 653 717 741 potius
739 654 827 720 solus
848 675 927 720 essc.
971 653 1116 721 Difficile
1138 673 1192 720 au·

182 763 252 822 tem
277 765 338 838 est,
357 778 433 822 cum
459 765 623 844 praestare
649 757 803 823 omnibus
829 757 1043 844 concupieris,
1062 779 1191 824 servare

182 859 393 946 aequitatem,
412 881 496 948 qnae
522 867 571 928 est
597 860 740 926 iustitiae
766 881 920 926 maxume
945 861 1087 948 propria.
1138 859 1191 928 Ex

158 981 249 1046 aquo
260 958 309 1042 fit,
320 968 358 1025 ut
373 981 481 1047 neque
497 961 735 1048 disceptatione
747 960 836 1026 vinci
852 982 886 1026 se
901 982 962 1028 nec
977 961 1046 1027 ullo
1058 961 1191 1049 publico

182 1083 220 1128 ac
241 1061 391 1149 legitimo
417 1063 489 1128 iure
511 1063 690 1150 patiantur,
709 1063 922 1150 existuntque
944 1064 977 1129 in
1001 1064 1191 1151 republica

181 1164 378 1252 plerumque
396 1165 566 1253 largitores
588 1175 622 1232 et
639 1166 779 1248 factiosi,
797 1175 836 1232 ut
858 1189 937 1254 opes
958 1188 1057 1254 quarn
1080 1188 1191 1232 maxu-

182 1278 521 1356 mas-consequantur
545 1276 579 1334 et
601 1270 668 1334 sint
690 1270 724 1333 vi
747 1269 857 1355 potius
882 1271 1066 1358 superiores
1091 1292 1191 1357 quam

182 1370 308 1435 iustitia
337 1393 440 1458 pares.
496 1371 562 1437 Sed
591 1393 658 1458 quo
688 1370 863 1454 difficilius,
881 1371 944 1438 hoc
972 1372 1189 1460 praeclarius3

145 1472 314 1538 ionullum
336 1475 425 1539 enim
448 1483 498 1540 est
515 1483 658 1562 tempus,
673 1474 763 1560 quod
782 1474 909 1539 iustitia
926 1496 1041 1542 vacare
1062 1475 1188 1541 debeat.

184 1574 301 1642 Fortes
317 1576 423 1663 igitur
441 1585 476 1642 et
494 1577 697 1662 magnanimi
710 1583 794 1641 :snnt
811 1575 965 1659 habendi,
981 1598 1048 1642 non
1066 1578 1124 1662 qui
1141 1577 1238 1642 ia-65

184 1679 285 1762 ciunt,
297 1679 355 1745 sed
369 1679 427 1767 qui
444 1679 638 1767 propulsant
652 1679 818 1744 iniuriam.
862 1678 954 1746 Vera
971 1684 1082 1746 autem
1097 1688 1130 1746 et
1145 1701 1191 1746 aa·

183 1783 279 1870 piens
296 1783 398 1848 animi
416 1782 612 1870 magnitudo
630 1781 805 1848 honestum
823 1781 917 1865 illud,
929 1783 1018 1870 quod
1037 1803 1191 1850 rrraxume

183 1893 301 1952 natura
315 1885 473 1972 seqnitur,
485 1886 521 1950 in
536 1885 635 1952 factis
645 1885 802 1972 positum,
815 1906 881 1951 non
897 1885 931 1950 in
947 1885 1053 1972 gloria
1066 1886 1191 1952 iudicat

146 2010 176 2051 m
184 1988 433 2076 principemque
448 2009 483 2054 se
500 2009 570 2054 esse
585 1987 712 2052 mavult
726 2009 825 2075 quarn
842 1988 967 2070 videri3
989 1989 1113 2054 etenim
1131 1989 1189 2075 qui

183 2113 226 2158 ex
243 2113 352 2158 errore
369 2091 542 2179 imperitae
557 2090 781 2157 multitudiuis
795 2091 928 2178 pendet,
941 2090 994 2157 hic
1010 2091 1046 2156 in
1062 2093 1190 2180 magnis

183 2195 263 2260 viris
284 2217 351 2261 uon
378 2203 428 2260 est
449 2194 628 2261 habendus.
673 2193 844 2260 Facillime
869 2201 979 2260 autern
1006 2194 1048 2260 ad
1069 2217 1121 2261 res
1142 2197 1190 2260 in-

182 2298 285 2364 iustas
298 2297 481 2386 inpellitur,
493 2297 682 2384 utquisque
696 2297 855 2363 altissimo
869 2297 981 2363 animo
995 2305 1054 2381 est,
1066 2298 1190 2385 gloriae

182 2401 383 2489 cupiditatc3
406 2402 464 2488 qui
481 2400 572 2468 locus
590 2414 640 2468 est
657 2423 735 2466 sane
752 2400 906 2483 lubricus,
918 2401 1008 2488 quod
1027 2402 1083 2466 vix
1100 2402 1190 2468 inve·

147 2505 284 2588 sortitur,
299 2504 357 2591 qui
379 2503 545 2570 laboribus
570 2505 730 2591 susceptis
755 2503 974 2590 periculisque
1000 2503 1097 2569 aditis
1121 2525 1187 2572 non

182 2607 276 2696 quasi
291 2605 476 2674 mercedem
491 2628 602 2673 rerum
616 2615 784 2694 gestarum
800 2606 963 2671 desideret
976 2605 1125 2691 gloriam.

226 2710 372 2776 Omnino
390 2709 488 2776 fortis
505 2709 635 2775 animus
655 2717 689 2774 et
707 2729 847 2794 magnus
864 2707 992 2772 duabus
1008 2708 1107 2772 rebus
1123 2675 1236 2820 rna-{⁰6

182 2813 272 2879 xime
293 2813 448 2896 cernitur,
464 2833 603 2899 quarum
626 2831 694 2876 una
714 2811 751 2874 in
771 2831 881 2875 rerum
904 2816 1115 2874 externarum
1136 2810 1189 2877 dc·

181 2916 355 3003 spicientia
372 2915 518 3004 ponitur,
534 2899 614 2980 cum*
628 2933 820 3001 persuasum
841 2919 889 2978 est
907 2911 992 2976 nihil
1009 2911 1187 2998 hominem,

146 3019 247 3102 conisi
264 3019 352 3106 quod
370 3017 546 3085 honestum
564 3017 785 3104 decorumque
806 3015 860 3098 sit,
875 3021 934 3080 aut
954 3015 1109 3081 admirari
1131 3026 1188 3083 aut

181 3129 296 3210 optare
320 3129 379 3188 aut
400 3129 554 3208 expetere
579 3127 731 3208 oportere
754 3118 905 3205 nullique
931 3139 1038 3206 neque
1059 3119 1187 3185 homini

181 3247 290 3312 neque
311 3224 552 3312 perturbationi
573 3223 678 3290 animi
700 3243 761 3290 nec
782 3222 939 3290 fortunae
961 3221 1186 3290 subcumbere.

181 3327 300 3394 Altera
317 3335 367 3394 est
384 3348 446 3411 res,
462 3336 509 3410 ut,
525 3348 600 3394 cum
618 3326 666 3392 ita
683 3327 726 3392 sis
743 3324 881 3392 affectus
897 3325 1019 3410 animo,
1034 3333 1188 3412 utsupra

181 3430 262 3514 dixi,
277 3452 329 3496 res
346 3451 440 3516 geras
457 3450 593 3516 magnas
609 3429 682 3495 illas
700 3429 834 3516 quidem
855 3435 889 3494 et
907 3429 1061 3494 maxume
1078 3428 1186 3511 utiles,

143 3533 239 3600 cased
259 3535 325 3618 [ut]
345 3532 559 3599 vehementer
579 3532 697 3598 arduas
714 3532 892 3619 plenasque
909 3530 1059 3598 laborum
1082 3539 1115 3598 et
1132 3553 1187 3618 pe·

180 3635 361 3702 riculorum
383 3657 458 3702 cum
480 3635 578 3717 vitae,
596 3642 670 3700 tum
695 3634 873 3700 multarum
897 3655 1120 3720 rerumquae
1145 3633 1187 3698 ad

180 3737 286 3804 vitam
317 3738 496 3826 pertinent.
555 3735 684 3804 Harum
707 3758 828 3816 ¹rerum
860 3735 999 3815 duarum
1032 3734 1234 3821 splenderet
