2710 4374
357 384 426 437 LIB.
444 384 498 436 HL
533 382 611 436 CAP.
628 385 717 437 26-28.
752 383 891 446 §aa-103.
1064 387 1128 453 161

119 543 323 622 testantem,
339 535 427 624 quod
448 531 568 603 inutile
591 535 640 602 rei
665 535 815 624 publicae
837 537 890 621 sit,
914 537 949 603 id
973 538 1126 626 cuiquam

118 639 182 708 civi
196 639 282 706 utile
301 639 393 706 essel

160 741 367 808 Pervertunt
389 741 541 808 homines
562 762 611 824 ea,
629 762 713 827 quae
734 748 813 808 sunt
834 741 1052 809 fundamenta
1073 763 1128 808 na·
1143 748 1187 817 28

118 852 219 928 turae,
235 865 316 911 cum
331 844 512 910 utilitatem
529 844 572 910 ab
589 843 760 910 honestate
776 844 964 931 seiungunt.
1002 845 1127 911 Omnes

96 946 206 1012 renim
221 946 414 1033 expetimus
430 945 609 1012 utilitatem
625 945 667 1010 ad
684 967 823 1034 eamque
840 946 989 1034 rapimur
1006 968 1066 1014 uec
1080 947 1128 1013 fa-

118 1069 190 1114 cere
215 1047 316 1114 aliter
340 1047 411 1114 ullo
436 1047 535 1129 modo
557 1067 741 1135 possumus.
784 1046 875 1114 Nam
896 1048 970 1135 quis
991 1057 1050 1133 est,
1069 1049 1128 1136 qui

118 1149 211 1215 utilia
225 1151 340 1238 fugiat
352 1151 364 1216 l
378 1157 436 1216 aut
450 1149 526 1237 quis
539 1149 661 1236 potius,
676 1150 734 1238 qui
752 1171 790 1216 ea
807 1170 874 1216 ncn
890 1151 1128 1218 studiosissime

118 1253 356 1340 persequaturl
399 1252 466 1319 Sed
497 1254 576 1338 quia
603 1273 767 1339 nusquam
796 1273 971 1339 possumus
998 1254 1063 1320 nisi
1091 1255 1126 1319 in

118 1354 223 1439 laude,
242 1356 374 1440 decore,
392 1354 565 1421 honestate
587 1355 682 1420 utilia
702 1356 855 1442 reperire,
877 1363 1051 1443 propterea
1072 1357 1129 1423 illa

89 1459 224 1546 aprima
249 1467 285 1524 et
309 1479 441 1524 summa
463 1456 631 1540 habemua
649 1458 804 1524 utilitatis
827 1479 950 1524 nornen
975 1464 1128 1525 nontam

119 1560 333 1648 splendidu'ui
347 1582 447 1648 quarn
462 1560 683 1626 necessarium
697 1559 859 1625 ducimus.
901 1559 991 1638 Quid
1006 1556 1056 1626 est
1070 1559 1129 1646 igi·
1138 1567 1196 1621 loa

120 1670 182 1746 tur,
200 1663 327 1730 dixerit
348 1664 432 1750 quis,
451 1663 486 1727 in
508 1663 581 1729 iure
602 1661 766 1729 iurandol
788 1683 870 1728 num
892 1663 1014 1728 iratum
1036 1663 1130 1728 tirne-

120 1786 191 1830 mus
212 1764 358 1832 Iovcml
402 1765 452 1831 At
472 1763 534 1832 hoc
557 1763 692 1851 quidem
709 1786 886 1832 commune
909 1774 958 1831 est
979 1765 1129 1831 omnium

122 1865 404 1960 philosophorum,
423 1889 488 1934 nou
509 1888 623 1933 eorum
642 1867 751 1951 modo,
770 1867 829 1954 qui
850 1867 951 1934 deum
974 1867 1057 1933 nihil
1075 1867 1130 1934 ha·

93 1970 197 2037 ubere
220 1971 337 2058 ipsum
362 1971 489 2057 negotii
514 1970 640 2053 dicunt,
659 1969 744 2035 nihil
767 1971 922 2038 exhibere
947 1971 1052 2056 alteri,
1072 1971 1129 2039 sed

106 2060 109 2067 ¹
124 2092 233 2139 eorum
248 2074 364 2158 etiam,
379 2073 437 2159 qui
452 2072 550 2139 deum
567 2093 698 2159 semper
711 2094 809 2160 agere
824 2072 948 2160 aliquid
966 2083 1001 2142 et
1018 2075 1129 2141 moliri

124 2173 247 2260 volunt,
263 2197 447 2262 numquam
472 2196 533 2241 nec
554 2174 650 2240 irasci
667 2174 765 2240 deum
785 2197 847 2241 nec
864 2198 991 2243 nocere.
1037 2177 1127 2256 Quid

125 2283 231 2344 antem
246 2278 353 2344 iratus
367 2277 520 2364 Iuppiter
537 2276 612 2364 plus
629 2297 746 2342 nocere
768 2279 938 2365 potuisset,
953 2301 1053 2366 quarn
1075 2301 1131 2346 nc

127 2379 190 2444 cuit
205 2381 268 2447 sibi
284 2381 356 2467 ipse
368 2379 539 2466 Regulnsl
571 2377 676 2446 Nulla
690 2380 794 2468 igitur
805 2381 855 2446 vis
869 2381 937 2447 fuit
951 2382 1130 2469 religionis,

96 2499 205 2566 acquae
230 2491 359 2550 tantam
385 2483 563 2548 utilitatem
587 2491 799 2569 perverteret.
844 2483 902 2548 Au
925 2504 967 2548 nc
989 2483 1131 2570 turpiter

126 2583 271 2652 faceretl
315 2585 466 2652 Primum
483 2585 621 2650 minima
636 2585 678 2651 de
696 2584 800 2651 malis.
833 2583 927 2650 Num
942 2584 1046 2671 igitur
1060 2593 1132 2650 tan-

127 2692 194 2752 tum
209 2687 294 2754 mali
308 2687 482 2775 turpitudo
498 2687 563 2753 ista
585 2686 737 2770 habebat,
752 2692 915 2775 qnantum
933 2686 990 2752 ille
1011 2685 1131 2752 crucia-

128 2790 196 2856 tnsl
239 2791 375 2858 Deinde
389 2789 473 2856 illud
489 2790 589 2856 etiarn
605 2789 694 2877 apud
709 2789 874 2855 Accium:

134 2937 137 2943 ·
712 2908 971 2981 Fregistinfideml

100 3003 124 3045 Ἀ
276 3001 376 3071 Neque
388 2999 456 3055 dedi
468 3016 560 3071 neque
573 2999 612 3055 do
624 2997 733 3054 tnfideli
745 2998 878 3069 cuiquam

131 3121 327 3193 quamquam
345 3105 386 3172 ab
404 3105 508 3193 impio
526 3126 603 3192 rege
621 3104 752 3188 dicitur,
770 3103 938 3170 luculente
956 3111 1066 3171 tamen
1084 3103 1132 3171 di·

133 3205 221 3274 citur.
267 3208 410 3274 Addunt
432 3209 541 3292 etiam,
558 3229 657 3295 quern
679 3208 721 3274 ad
744 3206 880 3274 modum
902 3229 962 3274 nos
984 3208 1199 3276 dicamuslot

133 3307 234 3376 videri
251 3311 410 3397 quaedam
429 3311 533 3394 utilia,
552 3331 636 3397 quae
654 3332 719 3377 non
738 3311 814 3393 sint,
831 3311 877 3376 sic
898 3332 933 3377 se
954 3311 1063 3379 dicere
1085 3311 1132 3376 vi·

135 3407 198 3476 deri
216 3413 378 3500 quaedam
396 3412 542 3496 honesta,
561 3433 645 3499 quae
664 3435 729 3479 non
752 3414 829 3497 sint,
848 3417 915 3478 “nt
937 3413 999 3481 hoc
1020 3415 1131 3502 ipsum

105 3511 262 3582 evidetur
279 3515 465 3600 honestum,
481 3516 695 3582 conservandi
718 3516 799 3582 iuris
820 3516 952 3582 iurandi
973 3539 1068 3583 causa
1089 3516 1132 3582 ad

136 3619 308 3685 cruciatum
324 3619 514 3701 revertisse3
529 3618 586 3685 scd
602 3617 641 3684 fit
656 3640 721 3685 non
738 3619 923 3702 honestum,
939 3620 1026 3706 quia,
1041 3618 1132 3707 quod

136 3736 190 3802 per
204 3721 273 3788 vim
287 3719 433 3788 hostium
449 3729 533 3790 esset
547 3729 669 3807 actum,
684 3729 793 3789 ratum
810 3743 880 3789 esse
897 3744 964 3789 non
983 3721 1129 3789 debuit.’'
