2734 4362
439 395 544 448 ursa
580 395 658 448 css.
677 398 702 461 a,
722 399 746 448 ι.
782 395 905 462 §rasa
1133 396 1174 460 19

163 554 231 632 tur,
247 553 281 613 et
297 545 375 612 huic
393 546 569 613 coniuncta
589 546 815 631 beneficentia,
838 568 938 634 quam
960 545 1099 614 eandem
1120 545 1174 611 vel

165 650 407 738 benignitatem
421 649 473 715 vel
488 649 720 716 liberalitatem
735 649 893 738 appellari
909 649 996 717 licet.
1034 649 1099 716 Sed
1111 649 1174 714 ius·

164 753 259 818 titiae
282 753 430 839 primum
450 773 572 818 munus
596 761 655 836 est,
675 761 712 818 ut
735 774 778 818 ne
800 753 853 818 cui
875 753 950 839 quis
972 759 1087 820 noceat
1109 751 1173 816 nisi

147 929 149 934 .
164 855 332 922 lacessitus
349 854 480 937 iniuria,
493 855 613 921 deinde
624 863 663 921 nt
677 855 909 922 communibus
922 876 983 943 pro
995 855 1173 922 communi·

142 959 229 1024 abus
245 964 366 1039 utatur,
382 957 521 1044 privatis
536 964 574 1022 ut
588 957 664 1023 suis.
710 957 795 1023 Sunt
810 965 922 1023 autem
936 957 1066 1044 privata
1082 955 1173 1021 nulla
1183 967 1218 1021 21

165 1067 292 1142 natura,
304 1059 361 1124 scd
382 1067 439 1124 aut
456 1067 568 1125 vetere
585 1060 809 1146 occupatione,
821 1068 860 1125 ut
877 1059 936 1146 qui
954 1057 1120 1146 quondam
1138 1058 1173 1121 in

166 1183 269 1227 vacua
290 1169 464 1243 venerunt,
482 1170 540 1226 ant
562 1162 708 1245 victoria,
725 1169 762 1227 ut
784 1162 843 1249 qui
864 1161 952 1228 bello
969 1160 1068 1249 potiti
1086 1171 1173 1242 snnt,

166 1272 224 1330 aut
238 1263 322 1350 lege,
334 1264 495 1350 pactione,
507 1265 712 1348 condicione,
724 1273 830 1348 sorte;
848 1285 969 1351 exque
983 1262 1081 1347 fit,ut
1096 1283 1175 1349 ager

166 1366 313 1454 Arpinas
338 1366 555 1452 Arpinatium
581 1367 720 1450 dicatur,
747 1366 952 1434 Tusculanus
978 1364 1174 1431 Tusculano

131 1491 158 1534 ιο
168 1489 259 1558 rum3
275 1468 456 1554 similisque
467 1476 516 1554 est
528 1469 729 1555 privatarum
741 1468 981 1555 possessionum
993 1467 1172 1553 discriptio.

167 1570 219 1636 Ex
234 1592 310 1658 qno,
320 1571 398 1657 quia
412 1592 510 1635 suurn
526 1571 683 1657 cuiusque
694 1571 733 1635 fit
745 1592 869 1652 eorum,
879 1591 963 1656 quae
977 1569 1094 1633 natura
1104 1567 1175 1633 fue·

167 1683 241 1739 rant
256 1674 453 1756 eommunia,
466 1673 555 1760 quod
571 1674 691 1760 cuique
706 1673 836 1760 obtigit,
847 1671 882 1738 id
897 1672 1036 1758 quisque
1048 1678 1174 1754 teneat3

167 1777 308 1862 aquosi
327 1776 401 1862 quis
418 1776 642 1863 sibiappetet,
659 1775 797 1842 violabit
819 1775 871 1840 ius
893 1773 1057 1839 humanae
1078 1774 1175 1839 socie-

167 1880 254 1945 tatis.
299 1879 366 1945 Sed
383 1878 550 1966 quoniam,
567 1887 604 1944 ut
623 1878 786 1966 praeclare
807 1880 968 1966 scripturn
991 1885 1041 1945 est
1063 1876 1171 1943 aPla·
1184 1890 1221 1944 aa

131 1989 255 2064 urtone,
283 2003 350 2048 non
383 1981 479 2048 nobis
507 1981 612 2046 solum
643 1982 714 2046 nati
741 2003 855 2047 sumus
884 1989 1042 2068 ortusque
1070 1981 1174 2046 nostri

167 2093 294 2172 partem
313 2085 418 2171 patria
437 2084 592 2167 vindicat,
610 2093 736 2171 partem
758 2085 865 2168 amici,
880 2093 990 2172 utque,
1008 2091 1044 2150 ut
1066 2083 1175 2171 placet

168 2187 295 2268 Stoicis,
311 2208 396 2273 quae
419 2187 453 2251 in
476 2187 571 2252 terris
594 2187 785 2274 gignantur,
809 2187 851 2252 ad
877 2209 974 2253 nsum
1000 2185 1174 2253 hominnm

167 2290 279 2354 omnia
292 2289 405 2372 creari,
421 2288 571 2355 homines
588 2298 699 2354 autern
718 2289 892 2356 bominum
913 2310 1010 2356 causa
1031 2311 1100 2354 esse
1121 2311 1175 2376 ge

167 2399 307 2474 aeratos,
326 2399 365 2455 ut
385 2391 450 2478 ipsi
474 2391 561 2457 inter
578 2413 612 2457 se
634 2391 706 2456 aliis
723 2391 780 2457 alii
801 2392 955 2479 prodesse
976 2398 1119 2478 possent,
1138 2392 1171 2455 in

131 2492 231 2559 roboc
255 2501 407 2558 naturam
433 2493 591 2560 debemus
613 2493 732 2560 ducem
755 2495 859 2581 sequi,
875 2515 1065 2561 communes
1087 2493 1174 2558 utili-

168 2603 252 2662 tates
277 2596 312 2660 in
334 2596 481 2662 medium
507 2595 625 2662 afferre
648 2597 831 2663 mutatione
856 2597 1047 2675 officiorum,
1066 2595 1175 2660 dando

168 2698 368 2785 accipiendo,
392 2706 465 2764 tum
492 2699 629 2779 artibus,
649 2707 722 2763 turn
746 2719 855 2784 opera,
871 2705 943 2761 turn
962 2695 1175 2761 facultatibus

168 2800 336 2867 devincire
363 2800 537 2867 lronrinurn
561 2801 650 2865 inter
673 2799 824 2864 homines
842 2798 1043 2864 societatem.
1090 2794 1222 2863 Fun-23

168 2904 360 2970 dementum
386 2912 499 2970 autom
521 2911 570 2968 est
596 2902 740 2989 iustitiae
764 2901 856 2983 fides,
875 2900 911 2965 id
936 2907 985 2965 est
1011 2899 1175 2965 dictorum

131 3015 473 3094 saconventorumque
488 3005 671 3072 constantia
686 3013 720 3070 et
733 3005 861 3070 veritas.
905 3001 957 3069 Ex
973 3024 1049 3089 quo,
1065 3024 1176 3090 quam·

168 3132 268 3196 quam
294 3109 357 3176 boc
383 3109 551 3176 videbitur
576 3109 715 3175 fortasse
744 3107 887 3194 cuipiam
916 3107 1040 3190 durius,
1064 3115 1174 3173 tamen

168 3212 347 3278 audeamus
361 3213 485 3278 imitari
501 3213 638 3294 Stoicos,
651 3211 710 3298 qni
725 3211 869 3278 studiose
885 3210 1075 3298 exquirunt,
1087 3209 1176 3276 unde

168 3317 270 3381 verba
284 3316 351 3381 sint
369 3315 477 3396 ducta,
496 3316 741 3401 credamusque,
760 3315 838 3401 quia
855 3313 923 3397 fiat,
940 3314 1030 3401 quod
1048 3313 1176 3380 dictum

167 3425 227 3500 est,
243 3417 441 3504 appellatam
452 3416 564 3483 fidem.

131 3545 159 3586 so
212 3519 279 3586 Sed
299 3521 480 3586 iniustitiae
503 3541 624 3606 genera
647 3521 713 3586 duo
736 3528 823 3604 sunt,
843 3542 948 3585 unum
970 3541 1095 3603 eorum,
1118 3520 1176 3607 qni

167 3622 330 3707 inferunt,
345 3623 485 3688 alterurn
504 3645 629 3707 eorum,
645 3623 703 3708 qui
718 3623 759 3689 ab
774 3623 825 3707 iis,
837 3623 957 3709 quibus
975 3622 1130 3704 infertur,
1148 3622 1176 3686 si

167 3732 316 3812 possunt,
343 3747 409 3792 non
437 3723 631 3813 propulsant
653 3724 818 3790 iniuriam.
862 3723 952 3790 Nam
974 3723 1033 3810 qui
1054 3723 1177 3788 iniuste
