2710 4374
218 349 260 414 90
609 343 660 395 nu
682 342 834 396 ormcns

218 497 308 563 nitus
325 495 504 562 amisimus.
549 495 664 582 Atque
681 493 715 558 in
732 492 791 559 has
806 493 914 560 clades
931 493 1113 560 incidimus
1128 494 1227 578 (rede-

217 598 344 664 undum
360 605 409 664 est
423 597 514 662 enim
528 595 570 662 ad
585 596 815 683 propositum),
828 596 909 661 dnm
924 596 1030 662 metui
1045 617 1151 683 quam
1164 598 1226 662 eari

217 723 287 768 esee
308 709 342 767 et
359 699 455 788 diligi
477 699 651 764 malumus.
696 697 790 776 Quae
812 699 839 764 si
862 697 985 785 populo
1003 698 1163 765 Romano
1183 701 1226 764 in·

217 805 302 870 iuste
317 802 493 890 imperanti
508 801 654 868 accidere
669 808 860 888 potuerunt,
872 800 955 887 quid
969 800 1096 868 debent
1113 809 1225 888 putare

217 906 361 994 singulil
405 904 504 983 Quod
520 925 593 972 eum
608 904 819 991 perspicuum
833 903 886 986 sit,
896 903 1145 970 benivolentiae
1159 907 1224 970 vim
1240 933 1252 971 1

217 1031 287 1076 esse
302 1029 466 1096 magnam,
475 1013 583 1073 metus
594 1004 791 1088 inbecillam,
801 1006 959 1092 sequ-itur,
970 1013 1008 1072 ut
1019 1007 1223 1092 disseramus,

217 1111 337 1198 quibus
358 1111 457 1176 rebus
478 1107 636 1175 fanillime
658 1107 820 1195 possimus
841 1129 924 1192 eam,
939 1129 1038 1196 quam
1063 1110 1223 1192 volumus,

170 1229 208 1282 30
217 1211 355 1299 adipisci
369 1233 444 1277 eum
459 1211 583 1278 honore
600 1219 634 1276 et
648 1209 715 1276 fide
729 1209 907 1276 caritatem.
953 1211 1019 1276 Sed
1034 1233 1074 1276 ea
1092 1233 1160 1278 non
1176 1235 1225 1300 pa·

217 1314 298 1380 riter
308 1335 422 1380 omnes
436 1333 589 1400 egemus3
612 1333 688 1378 nam
701 1312 741 1377 ad
754 1312 911 1400 cuiusque
924 1313 1025 1378 vitam
1038 1315 1222 1380 institutam

217 1417 532 1485 accommodandum
550 1423 641 1498 est,a
659 1414 814 1481 multisne
832 1437 914 1502 opus
931 1416 974 1480 sit
991 1438 1033 1481 an
1052 1399 1133 1482 satis
1150 1419 1251 1483 sitan

217 1521 330 1610 paneis
344 1520 448 1607 diligi.
494 1519 631 1585 Certum
649 1517 753 1604 igitur
768 1517 831 1584 hoe
846 1520 898 1601 sit,
910 1519 1011 1605 idque
1028 1527 1062 1585 et
1079 1523 1221 1607 primum

217 1634 252 1690 et
282 1644 435 1690 maxume
468 1621 697 1705 necessarium,
720 1621 961 1687 familiaritates
990 1622 1111 1688 habere
1144 1623 1222 1690 fidas

218 1728 400 1792 amantium
422 1747 482 1791 nos
507 1725 687 1790 amicornm
714 1731 748 1790 et
771 1732 881 1790 nostra
905 1725 1118 1807 mirantium3
1146 1727 1222 1792 haee

217 1831 307 1896 enim
329 1849 396 1894 nna
421 1849 473 1894 res
496 1849 638 1914 prorsus,
656 1834 695 1892 ut
717 1849 782 1892 non
811 1827 955 1892 multum
980 1826 1113 1893 differat
1139 1829 1222 1894 inter

218 1954 363 1998 summos
385 1940 419 1997 et
441 1931 613 1996 mediocris
637 1931 732 2013 viros,
748 1951 851 2017 aeque
874 1931 1020 2016 utrisque
1042 1939 1093 1996 est
1110 1953 1250 2020 prope-n

171 2046 206 2100 31
220 2034 354 2100 modum
370 2033 598 2122 comparanda.
639 2032 777 2099 Honore
792 2039 825 2098 et
836 2032 941 2120 gloria
955 2041 989 2098 et
1002 2024 1223 2100 beniuolentia

200 2136 342 2202 ¹nivium
359 2135 499 2204 fortasse
516 2158 582 2204 non
604 2157 708 2223 aeque
726 2157 841 2202 omnes
860 2143 969 2222 egent,
985 2136 1041 2202 sed
1059 2144 1181 2222 tamen,
1196 2139 1221 2203 si

218 2240 273 2305 eui
283 2238 364 2306 haee
378 2247 570 2326 suppetunt,
580 2240 739 2305 adiuvant
750 2238 954 2326 aliquantum
966 2260 1042 2305 eum
1053 2241 1095 2306 ad
1106 2249 1220 2324 cetera,

218 2351 291 2408 tum
307 2343 348 2408 ad
364 2343 522 2409 amicitias
536 2342 779 2430 nornparandas.

179 2456 200 2524 9
262 2445 328 2512 Sed
343 2446 385 2512 de
402 2446 547 2514 amicitia
565 2446 629 2512 alio
645 2446 730 2512 libro
745 2446 870 2512 dietum
888 2454 948 2530 est,
961 2448 1019 2535 qni
1033 2448 1248 2515 inscribitura

218 2551 367 2636 Laelius3
390 2574 478 2619 nune
489 2552 636 2618 dieamus
648 2552 689 2617 de
704 2551 818 2640 gloria,
828 2574 1027 2639 quamquam
1043 2577 1081 2620 ea
1092 2577 1221 2642 quoque

218 2656 260 2724 de
277 2679 312 2724 re
330 2656 396 2723 duo
414 2664 492 2722 sunt
507 2656 609 2722 nostri
628 2655 714 2738 libri,
727 2655 784 2720 sed
799 2656 1010 2743 attingamus,
1023 2658 1222 2744 quandoqui-

219 2760 294 2826 dem
310 2760 396 2826 eain
412 2760 510 2826 rebus
528 2758 704 2824 maioribus
719 2757 987 2824 administrandis
1005 2761 1140 2826 adiuvat
1155 2761 1223 2848 plu-

219 2863 349 2927 rimum.
395 2862 531 2927 Summa
552 2860 655 2946 igitur
680 2867 714 2925 et
736 2861 885 2947 perfecta
905 2861 1010 2948 gloria
1035 2871 1164 2928 constat
1184 2885 1241 2939 ex,

219 2964 325 3028 tribus
342 2962 412 3027 liis:
435 2964 462 3027 si
480 2963 590 3050 diligit
608 2961 798 3046 multitude,
814 2963 841 3028 si
859 2963 959 3030 fidem
979 2963 1087 3048 habet,
1104 2967 1132 3030 si
1150 2987 1249 3032 (31111111

219 3063 960 3153 admirationequadamhonoredignospntat.
1000 3067 1221 3149 Haeeautem,

219 3167 247 3232 si
269 3172 319 3231 est
341 3165 533 3252 simpliciter
552 3169 761 3255 breviterque
782 3169 969 3252 dicendum,
985 3171 1106 3256 quibus
1128 3156 1222 3237 rebus

219 3269 394 3357 pariuntur
415 3291 434 3333 a
455 3269 602 3356 singulis,
618 3271 741 3336 eisdem
759 3271 831 3338 fere
851 3295 870 3338 a
890 3273 1114 3339 multitudine.
1161 3274 1223 3340 Sed

219 3379 269 3436 est
284 3370 367 3436 alius
382 3393 514 3458 quoque
532 3372 665 3458 quidam
682 3373 790 3438 aditus
808 3374 849 3440 ad
865 3375 1126 3459 multitudinem,
1141 3361 1222 3442 utin

172 3487 209 3540 32
220 3473 449 3539 universorum
468 3474 595 3540 animos
612 3482 781 3561 tamquam
801 3475 939 3544 influere
956 3479 1129 3564 possimus.
1174 3479 1251 3545 Anu

219 3576 362 3663 primum
387 3577 428 3643 de
453 3576 518 3642 illis
541 3578 655 3660 tribus,
674 3599 758 3663 quae
783 3588 859 3645 ante
885 3580 966 3664 dixi,
984 3581 1224 3648 benivolentiae

220 3687 394 3768 praecepta
415 3679 603 3762 videamus3
633 3701 717 3766 quae
743 3681 877 3766 quidem
904 3685 1034 3771 eapitur·
1059 3684 1224 3752 benefieiis
