2734 4362
441 428 512 480 um.
531 429 556 481 1.
578 415 670 481 caia
689 431 730 494 ar,
747 431 796 482 aa·
823 429 945 492 §ra-ta.
1157 433 1199 498 39

187 577 419 665 Areopagitas,
432 599 498 644 non
516 577 626 644 minus
640 577 845 665 praeclarum
861 563 923 646 boc
938 600 1038 666 quam
1053 579 1137 646 illud
1151 580 1199 646 iu·

185 681 368 746 dicandum
390 687 458 764 est3
484 679 568 745 illud
591 681 681 746 enim
703 680 806 746 semel
827 681 966 768 profuit,
982 681 1045 748 hoc
1070 703 1200 769 semper

187 782 336 870 proderit
351 781 498 864 civitati3
520 781 583 849 hoc
597 781 735 848 consilio
750 782 840 869 leges
854 782 1125 866 Atheniensium,
1137 785 1199 851 hoc

188 884 352 950 maiorum
370 883 523 949 instituta
542 891 715 950 servantur
725 905 734 966 ;
757 891 791 950 et
809 883 1045 952 Themistocles
1062 886 1198 972 quidem

165 985 273 1050 anihil
290 985 422 1068 dixerit,
438 985 473 1050 in
492 1007 558 1073 quo
576 986 647 1072 ipse
664 987 879 1073 Areopagum
901 985 1074 1070 adiuverit,
1090 996 1124 1054 at
1141 988 1199 1054 ille

188 1109 266 1154 vere
281 1089 352 1154 use
367 1087 519 1153 adiutum
535 1086 790 1155 Themistoclem
803 1109 811 1171 3
834 1096 884 1154 est
899 1089 988 1155 enim
1003 1089 1128 1156 bellum
1142 1111 1199 1177 ge-

186 1195 275 1255 stum
287 1189 423 1256 consilio
436 1196 568 1256 senatus
582 1189 662 1274 eius,
673 1190 731 1277 qui
742 1211 761 1256 a
772 1190 894 1257 Solone
909 1199 979 1257 erat
988 1180 1196 1258 constitutus.

186 1291 281 1358 Licet
298 1291 412 1358 eadem
431 1292 473 1358 de
490 1291 655 1358 Pausania
671 1292 907 1381 Lysandroque
924 1294 1044 1378 dicere,
1056 1316 1195 1382 qnorum
1208 1301 1245 1362 to

186 1395 285 1461 rebus
301 1395 404 1482 gestis
422 1416 623 1482 quamquam
640 1395 818 1482 imperium
838 1396 1103 1488 Lacedaemoniis
1114 1419 1198 1484 poa

148 1514 177 1558 ro
187 1504 259 1563 tum
269 1504 416 1584 putatur,
424 1505 536 1563 tamen
549 1519 591 1563 ue
601 1497 739 1563 minima
750 1497 883 1584 quidem
897 1521 938 1564 ex
950 1507 1043 1586 parte
1052 1498 1197 1586 Lycurgi

185 1598 315 1686 legibus
335 1607 369 1664 et
387 1599 580 1687 disciplinae
600 1599 794 1666 conferendi
812 1607 911 1683 suut3
933 1601 1014 1687 quiu
1035 1601 1134 1666 etiam
1154 1603 1198 1668 ob
1223 1647 1226 1651 -

185 1701 245 1768 has
262 1702 347 1790 ipsas
369 1723 482 1770 causas
503 1710 538 1769 et
555 1702 758 1790 parentiores
775 1703 962 1770 habuerunt
979 1703 1141 1768 exercitus
1163 1711 1197 1768 ct

184 1804 358 1872 fortiores·
394 1805 481 1871 Mihi
502 1805 637 1893 quidem
660 1827 769 1891 neque
791 1806 902 1893 pueris
924 1806 1018 1872 nobis
1040 1804 1088 1870 M.
1101 1805 1197 1872 Scau-

185 1929 241 1974 rus
260 1907 299 1974 Ο.
311 1907 419 1975 Mario
439 1929 557 1994 neque,
570 1930 645 1974 curn
664 1929 870 1974 versaremur
888 1909 924 1973 iu
942 1929 978 1974 re
998 1907 1140 1995 publica,
1154 1907 1195 1986 Q.

149 2009 325 2077 acaunus
347 2011 409 2077 On.
428 2010 591 2098 Pompeio
619 2009 736 2076 cedere
765 2011 957 2094 videbatur3
986 2010 1081 2098 parvi
1107 2010 1196 2078 enim

186 2119 263 2180 sunt
274 2113 357 2180 foris
372 2113 546 2196 arma,nisi
561 2121 611 2180 est
625 2113 801 2180 consilium
811 2113 922 2196 domi3
944 2135 1005 2180 uec
1016 2113 1093 2202 plus
1105 2113 1197 2178 Afri-

185 2237 295 2300 canus,
318 2216 496 2304 singularis
520 2223 553 2282 et
576 2217 628 2281 vir
655 2224 690 2283 ct
715 2217 903 2304 imperator,
926 2216 961 2281 iu
991 2217 1196 2283 excindenda

184 2318 371 2385 Numantia
392 2319 441 2385 rei
462 2319 614 2406 publicae
636 2319 765 2406 profuit
784 2341 883 2406 quam
905 2307 1022 2386 eodem
1043 2327 1195 2414 ¹tempore

184 2420 225 2487 P.
235 2419 355 2488 Nasica
365 2422 522 2509 privatus,
532 2443 608 2488 cum
618 2421 669 2488 Ti.
681 2421 866 2490 Gracchum
877 2422 1046 2488 interemit
1056 2443 1065 2505 3
1084 2443 1195 2508 quam-

148 2544 285 2610 nquam
303 2523 382 2590 haec
397 2523 532 2610 quidem
550 2545 683 2590 resnou
703 2524 809 2590 solum
827 2547 869 2590 ex
884 2523 1064 2590 domestica
1081 2531 1131 2589 est
1147 2545 1196 2588 ra-

184 2627 277 2692 tione
301 2615 451 2713 (attingit
476 2627 577 2692 etiam
603 2626 942 2713 bellicum,quonia1n
968 2627 1003 2689 vi
1028 2645 1195 2710 manuque

184 2729 337 2795 confecta
359 2731 431 2817 cst),
446 2729 503 2796 sed
523 2737 633 2795 tamen
652 2729 687 2792 id
705 2729 814 2815 ipsum
837 2736 887 2793 est
904 2735 1036 2814 gestum
1058 2727 1194 2792 consilio

184 2833 311 2900 urbano
336 2832 407 2898 sine
432 2831 590 2898 exercitu.
634 2829 725 2895 Illud
750 2819 862 2895 autem
889 2829 1054 2916 optimum
1080 2835 1139 2912 est,
1158 2828 1241 2894 inuu

185 2933 276 3020 quod
289 2933 403 3000 invadi
417 2933 522 2999 solere
537 2933 579 3000 ab
593 2931 742 3020 inprobis
757 2939 791 2998 et
805 2931 929 2998 invidis
943 2930 1060 2998 audio:

148 3063 177 3104 w
363 3046 473 3101 Cedant
484 3061 561 3100 arms
572 3049 666 3117 togae,
678 3045 816 3100 concedat
827 3041 922 3102 laurea
933 3044 1022 3100 laudi.

184 3142 235 3210 Ut
249 3143 338 3210 errirn
355 3143 436 3210 alios
453 3143 615 3228 omittam,
632 3143 728 3210 nobis
742 3164 812 3209 rem
828 3143 995 3231 publicam
1010 3143 1195 3231 gubernan-

183 3245 274 3312 tibus
294 3267 406 3312 nonne
427 3253 525 3332 togae
546 3267 637 3312 arma
659 3247 846 3313 cesserunt?
868 3267 976 3333 neque
997 3247 1086 3312 euim
1110 3249 1194 3333 peri-

183 3347 296 3414 culum
314 3347 351 3413 in
368 3369 404 3415 re
421 3348 554 3436 publica
575 3347 644 3414 fuit
665 3349 799 3436 grauius
821 3371 981 3436 umquam
1002 3370 1063 3416 nec
1085 3350 1192 3415 maius

183 3451 300 3516 otium.
344 3449 399 3516 Ita
420 3450 564 3516 consiliis
585 3451 824 3539 diligentiaque
845 3459 957 3518 nostra
979 3451 1128 3517 celeriter
1149 3451 1191 3516 de

147 3553 336 3619 romanibus
351 3552 641 3619 audacissimorum
658 3553 782 3620 civium
800 3553 932 3641 delapsa
948 3574 1038 3618 arma
1056 3553 1127 3641 ipsa
1144 3575 1192 3619 ce-

183 3653 345 3722 ciderunt.
379 3654 472 3733 Quae
483 3675 536 3721 res
546 3655 651 3742 igitur
661 3663 921 3743 gestaumquam
934 3655 969 3719 in
981 3655 1068 3722 bello
1080 3655 1191 3721 tantal

183 3756 242 3844 qui
265 3756 454 3844 triumphus
475 3757 719 3824 conferendus?
741 3757 819 3824 licet
840 3757 929 3824 euim
952 3756 1046 3840 mihi,
1064 3755 1113 3822 M.
1131 3755 1242 3838 filiis
