2734 4362
403 430 472 482 mn.
491 431 512 481 1.
543 421 627 482 'cna
647 433 737 482 as-ar.
760 421 789 492 It
807 431 895 481 saar.
1114 429 1157 492 45

148 581 251 646 etiam
266 601 367 666 quam
381 587 458 645 ante
472 577 648 645 tribuenda
662 570 848 647 auctoritas.
886 579 1063 668 Isdemque
1079 589 1159 648 tem·

149 683 287 771 poribus
304 682 491 749 cavendum
508 690 567 766 est,
583 705 626 749 ne
643 675 900 750 assentatoribus
922 685 1160 772 patefaciamus

140 787 238 852 auris
252 808 337 852 neve
355 785 480 853 adulari
498 778 559 852 nos
574 787 730 870 sinamus,
746 787 782 852 in
801 808 867 874 quc
886 787 957 852 falli
976 787 1073 854 facile
1091 796 1159 871 est3

148 889 232 955 tales
246 889 337 954 cuim
352 911 412 954 nos
427 910 496 954 esse
510 895 674 976 putamus,
686 897 725 954 ut
741 889 812 955 iure
827 888 1019 973 laudemur}
1036 911 1078 956 ex
1093 911 1160 976 quo

4 997 14 1034 ἓ
117 1002 330 1058 zsnascunuu·
350 991 604 1057 innumerabilia
625 988 769 1078 peccata,
786 1013 864 1058 cum
882 991 1032 1064 homines
1054 991 1158 1063 inflati

149 1087 521 1182 opinionibus'turpiter
534 1089 715 1160 irridentur
729 1102 762 1160 et
777 1089 977 1161 in'maximis
989 1104 1161 1162 versantur

149 1197 325 1263 erroribus.
370 1195 435 1262 Sed
458 1195 539 1262 haec
561 1197 696 1283 quidem
721 1197 890 1264 hactenus.
934 1197 1025 1264 Illud
1048 1206 1206 1267 antemna

148 1301 196 1365 sic
210 1307 259 1364 est
276 1293 675 1381 iudicandum,'maximas
691 1287 764 1386 geri
781 1322 833 1366 res
851 1308 884 1366 et
902 1300 1039 1365 maximi
1056 1300 1160 1366 animi

148 1403 191 1468 ab
203 1401 323 1488 iis‚'qui
334 1423 386 1467 res
396 1401 544 1488 publicas
556 1409 682 1488 regant,
694 1403 784 1488 quod
796 1424 909 1467 earum
920 1403 1160 1468 administratio

112 1524 140 1565 ιο
149 1504 308 1586 latissime
322 1512 434 1590 pateat
451 1499 737 1591 ad‘plurim'osque
755 1505 918 1590 pertineat
930 1495 950 1587 ;Ι
962 1525 1031 1570 esse
1048 1513 1159 1570 autem

148 1607 265 1694 magui
282 1606 386 1671 animi
403 1613 437 1672 et
454 1605 558 1671 fuisse
573 1603 699 1676 'multos
716 1607 816 1671 etiam
834 1606 869 1670 iu
888 1607 958 1671 vita
973 1606 1086 1688 otiosa,
1100 1606 1160 1692 qui

149 1719 208 1774 aut
223 1707 459 1796 investigarent
474 1705 532 1774 aut
546 1705 745 1774 conarentur
762 1706 883 1796 magna
901 1700 1063 1795 quaedam
1080 1697 1161 1774 sese·

149 1833 216 1898 que
241 1811 373 1876 suarum
397 1811 516 1878 rerum
533 1810 656 1878 finibus
681 1811 891 1877 continerent
914 1805 1160 1880 autiuteriecti

149 1914 238 1979 inter
252 1913 466 2000 philosophos
481 1921 515 1980 et
529 1935 594 1998 eos,
613 1914 672 2002 qui
687 1935 758 1979 rem
773 1913 940 2000 publicam
955 1906 1160 1980 administra·

112 2036 141 2078 aa
151 2024 235 2098 rent,
254 2015 496 2082 delectarentur
518 2038 554 2082 re
576 2037 635 2082 sua
654 2015 813 2081 familiari
839 2037 906 2082 nou
929 2009 1002 2082 eam
1024 2019 1159 2104 quidem
1204 2027 1211 2048 '·

151 2119 245 2184 omni
262 2119 390 2184 ratione
407 2127 643 2205 exaggerantes
665 2140 773 2205 neque
795 2117 1008 2186 excludentes
1029 2119 1076 2186 ab·
1089 2121 1161 2186 eius

151 2241 213 2286 usu
231 2241 307 2287 suos
328 2221 504 2308 potiusque
527 2228 560 2286 et
582 2221 695 2288 amicis
715 2222 933 2309 inpertientes
946 2216 989 2288 'et
1010 2223 1058 2288 rei
1082 2223 1161 2309 pub·

150 2323 242 2404 licae,
258 2322 433 2410 siquando
452 2343 529 2388 usus
546 2329 640 2388 esset.
685 2323 779 2401 Quae
801 2321 950 2410 primum'
966 2323 1049 2390 bane
1067 2317 1162 2412 parta

150 2425 195 2490 sit
210 2424 313 2490 nullo
338 2445 454 2511 neque
472 2425 570 2510 turpi*
592 2427 732 2512 quaestu
757 2447 864 2513 neque
891 2420 1014 2508 odiose,
1041 2423 1162 2491 deinde

113 2535 313 2614 maugeatur
341 2527 690 2615 ratione,'diligeutia‚
717 2528 927 2614 parsimonia,
959 2536 1032 2592 tum
1062 2549 1162 2614 quam

151 2629 315 2716 plurimis,'
329 2629 429 2714 modo
447 2629 570 2716 dignis,
584 2629 752 2695 se'utilem
768 2630 924 2714 praebeat
941 2650 1001 2694 uec
1019 2625 1162 2703 lubidini

151 2733 262 2819 potius
286 2732 502 2819 luxuriaeque
528 2730 845 2819 quamlibe'ralitati
871 2737 905 2796 et
926 2727 1164 2796 beneficentiae
1206 2802 1210 2811 ,

151 2843 273 2921 pareat.
317 2834 410 2900 Haec
435 2835 637 2922 praescripta
662 2839 849 2898 servantem
873 2831 951 2897 licet
977 2829 1163 2918 magnifice,

150 2937 297 3022 graviter
322 2937 538 3024 animoseque
561 2936 675 3002 vivere
703 2942 804 3022 atque
830 2933 928 3000 etiam
956 2933 1162 3021 simpliciter,

115 3057 143 3098 aa
155 3038 307 3122 fideliter,
323 3037 344 3120 Τ
360 3061 438 3105 vere
453 3039 626 3106 hominum
642 3038 756 3104 amice.
1154 3037 1157 3044 ’

194 3141 364 3228 Sequitur,
381 3149 419 3207 ut
436 3141 479 3207 de
496 3147 563 3206 uua
584 3141 711 3228 reliqua
733 3148 827 3228 parte
849 3140 1038 3208 honestatis.
1053 3111 1212 3256 dicen-{g

152 3245 232 3310 darm
256 3245 309 3328 sit,
332 3244 368 3309 in
390 3265 464 3330 qua
479 3244 676 3310 verecundia
697 3250 732 3310 et
754 3243 848 3330 quasi
869 3245 1006 3331 quidam
1029 3244 1164 3310 ornatus

152 3347 251 3430 vitae,
268 3346 486 3434 temperantia
507 3353 542 3412 et
563 3346 723 3412 modestia
744 3346 920 3434 omnisque
943 3344 1068 3414 sedatio
1090 3369 1165 3434 per-

149 3448 378 3515 turbationum
391 3449 494 3535 animi
509 3455 543 3515 et
557 3453 668 3515 rerum
680 3448 799 3514 rnodus
809 3449 971 3514 counitum
1005 3449 1080 3514 Hoc
1091 3449 1164 3514 loco

115 3574 142 3614 sc
151 3550 341 3618 continetur
355 3550 400 3633 id,
413 3551 502 3638 qnod
517 3551 582 3618 dici
595 3550 710 3616 Latine
722 3551 879 3634 decorum
893 3558 1022 3638 potest;
1041 3549 1165 3616 Graece

150 3654 241 3718 enim
260 3657 383 3740 πρέπον
401 3654 532 3720 dicitur.
578 3652 689 3718 Huius
707 3653 757 3718 vis
775 3675 814 3718 ea
831 3661 891 3737 est,
910 3663 947 3718 ut
965 3654 1006 3718 ab
1024 3652 1163 3718 honesto

150 3777 219 3824 non
239 3765 344 3848 queat,
355 3756 498 3844 separari
507 3777 524 3841 3.
539 3775 617 3823 nam
635 3763 681 3841 et,
694 3755 788 3845 quod
802 3755 906 3840 decet,
920 3755 1096 3822 honestum
1108 3762 1164 3822 est
1175 3765 1213 3820 94
