2710 4374
378 432 448 483 LIB.
468 431 520 483 111.
556 431 636 484 CAP.
655 433 743 483 e-1n.¹'
766 431 781 493 ἓ
798 434 887 484 37-41.
1076 433 1141 502 137

125 587 232 650 tuisse
258 581 438 648 defendat!
483 580 576 648 Haec
602 584 651 647 est
677 582 728 647 vis
751 581 851 648 liuius
865 582 964 647 ‘anuli
985 585 1023 649 et‘
1041 583 1141 650 huius

125 687 294 774 exempli:
314 687 341 750 si
356 706 455 750 nemo
474 686 624 766 sciturae,
641 706 739 751 nemo
761 707 804 751 ne
825 686 1049 772 suspicaturus
1071 688 1140 774 qui·

126 791 207 855 dem
230 791 283 872 sit,
307 810 384 854 cum
406 787 533 874 aliquid
555 787 757 870 divitiarum,
772 789 951 875 potentiae,
967 789 1140 856 dominati-

97 1007 245 1062 aturnm
258 995 302 1060 sit
319 1001 450 1081 semper
467 995 630 1080 ignotum,
647 994 734 1060 sisne
751 994 907 1061 facturus.
951 994 1088 1082 Negant
1105 996 1140 1062 id

128 1098 203 1164 fieri
218 1118 324 1184 posse.
354 1095 573 1182 Nequaquam
589 1103 699 1183 potest
714 1097 749 1161 id
764 1097 919 1184 quidem3
934 1097 993 1163 sed
1008 1119 1140 1186 quaere,

128 1202 220 1288 quod
236 1207 359 1287 negant
374 1207 478 1286 posse,
490 1199 524 1264 id
540 1200 568 1264 si
583 1207 702 1286 posset,
715 1200 873 1286 quidnam
887 1201 1045 1268 facerent.
1078 1201 1141 1267 Ur·

127 1311 235 1391 guent
251 1305 374 1368 rustice
391 1309 488 1384 sane53
520 1310 645 1388 negant
663 1303 756 1368 enim
779 1325 873 1390 posse
895 1311 929 1369 et
951 1304 986 1368 in
1009 1325 1049 1370 eo
1069 1327 1141 1391 per-

129 1415 241 1488 stant3
273 1405 343 1470 hoe·
361 1406 501 1470 verbum
527 1405 610 1491 quid
639 1405 755 1488 valeat,
786 1428 853 1471 non
885 1406 1010 1471 vident.
1054 1406 1139 1472 Cum

86 1529 119 1569 ιο
129 1509 220 1574 enim
248 1507 446 1594 quaerimus,
466 1508 493 1572 si
519 1507 624 1573 celare
649 1509 787 1594 possint,
810 1508 891 1594 quid
917 1507 1038 1572 facturi
1063 1509 1140 1591 sint,

128 1632 199 1676 non
225 1611 424 1695 quaerimus,
453 1611 623 1696 possintne
649 1610 765 1693 celare,
797 1610 855 1675 sed
879 1617 1049 1696 tamquam
1080 1619 1142 1676 tou

130 1721 245 1780 menta
268 1713 429 1799 quaedam
451 1712 656 1796 adhibenms,
671 1721 720 1796 ut,
736 1714 764 1778 si
785 1712 1018 1800 responderint
1040 1733 1074 1778 se
1096 1714 1143 1778 in-

131 1817 285 1904 punitate
300 1817 470 1902 propcsita
484 1817 640 1898 facturos,
656 1816 746 1902 quod
762 1816 926 1903 expediat,
944 1815 1142 1898 facinorosos

129 1941 167 1984 se
189 1940 258 1984 esse
276 1919 454 2001 fateantur,
468 1919 499 1984 si
520 1929 653 2006 negent,
676 1920 788 1984 omnia
810 1920 920 2005 turpia
942 1941 1002 2006 per
1019 1941 1054 1984 se
1071 1920 1142 2007 ipsa

90 2021 293 2108 refugienda
314 2043 384 2087 esse
400 2022 592 2088 concedant.
637 2021 703 2088 sed
722 2022 788 2086 iam
807 2021 848 2087 ad
867 2023 1073 2110 propositum
1094 2045 1140 2089 re-

130 2132 309 2190 vertamur.
488 2205 491 2208 Ι
644 2125 648 2130 ’
1025 2149 1028 2154 ’
1137 2129 1140 2133 ’

175 2221 335 2290 Incidunt
359 2223 482 2290 multae
500 2245 597 2312 saepe
615 2243 739 2308 causae,
756 2247 840 2313 quae
858 2192 1189 2334 conturbemini-{2

130 2347 205 2397 mos
226 2327 381 2393 utilitatis
404 2327 523 2414 specie,
542 2350 608 2394 non
621 2350 708 2393 ,oum
731 2327 793 2394 hoc
817 2328 1025 2412 deliberetur,
1044 2329 1140 2395 relin-

129 2429 306 2516 quendane
322 2430 367 2494 sit
381 2428 533 2496 honestas
551 2440 688 2519 propter
705 2432 857 2497 utilitatis
875 2431 1139 2518 magnitudinem

96 2533 225 2618 ao(nam
241 2533 276 2599 id
291 2533 427 2618 quidem
442 2533 633 2619 improbum
656 2535 728 2620 est),
744 2534 801 2599 sed
827 2533 920 2615 illud,
937 2534 1082 2619 possitne
1096 2533 1142 2614 id,

133 2635 224 2722 qnod
240 2635 323 2700 utile
337 2635 499 2720 videatur,
511 2635 582 2702 fieri
595 2659 662 2702 non
678 2637 830 2722 turpiter.¹
876 2635 961 2700 (lum
979 2634 1144 2700 Collatino

133 2737 281 2824 collegae
310 2737 434 2803 Brutus
464 2740 642 2826 imperium
667 2739 854 2824 abrogabat,
882 2744 1010 2824 poterat
1038 2736 1143 2800 videri

133 2839 245 2905 facere
260 2840 296 2905 id
311 2841 452 2923 iniuste3
474 2842 584 2908 fuerat
608 2842 698 2908 enim
726 2841 762 2904 in
785 2841 918 2928 regibus
941 2837 1145 2926 expellendis

134 2943 244 3008 socius
259 2941 358 3008 Bruti
375 2943 586 3010 consiliorum
602 2954 637 3010 et
651 2944 791 3009 adiutor.
829 2943 924 3009 ¹Oum
940 2951 1051 3008 autem
1062 2963 1143 3008 con-

100 3045 247 3110 msilium
276 3045 338 3111 hoc
365 3046 531 3133 principes
557 3047 728 3134 cepissent,
746 3045 975 3134 cognationem
1002 3043 1144 3132 Superbi

134 3169 325 3234 nomenque
341 3148 597 3236 Tarquiniorum
613 3159 647 3215 et
666 3151 856 3216 memoriam
876 3150 970 3237 regni
994 3171 1063 3216 esse
1085 3149 1145 3216 tol-

135 3248 281 3332 lendam,
295 3251 385 3336 quod
400 3259 470 3316 erat
494 3252 586 3335 utile,
602 3253 728 3338 patriae
754 3253 932 3336 consulere,
948 3253 982 3318 id
1005 3261 1075 3318 erat
1097 3252 1145 3318 ita

134 3350 324 3436 honestum,
337 3361 374 3418 ut
389 3355 489 3419 etiam
505 3355 568 3441 ipsi
582 3353 747 3421 Collatino
759 3355 886 3442 plaeere
902 3356 1046 3422 deberet.
1081 3354 1146 3420 lta-

133 3476 202 3539 que
216 3455 343 3520 utilitas
358 3456 464 3522 valuit
481 3466 617 3544 propter
632 3457 847 3542 honestatem,
861 3460 931 3524 sine
946 3481 1011 3544 qua
1027 3481 1069 3524 ne
1083 3459 1148 3523 uti*

100 3555 210 3638 solitas
228 3557 364 3642 quidem
379 3580 449 3624 esse
463 3561 634 3646 potuisset.
657 3581 659 3586 ·
679 3561 729 3625 At
747 3561 781 3625 in
798 3583 836 3627 eo
851 3583 939 3648 rege,
955 3563 1013 3647 qui
1027 3561 1145 3626 urbem

133 3659 295 3742 condidit,
322 3681 389 3726 non
415 3662 517 3744 item3
547 3664 670 3750 speeies
696 3665 785 3728 enim
811 3663 965 3728 utilitatis
995 3665 1190 3727 animumll

133 3761 266 3848 pepulit
283 3762 375 3850 eiusj
398 3765 550 3847 cuicum.
561 3769 667 3832 visum
685 3773 769 3846 esset
787 3766 901 3830 utilius
920 3765 1027 3830 solum
1045 3786 1150 3851 quam.
