<?xml version="1.0" encoding="UTF-8"?>
<!DOCTYPE html PUBLIC "-//W3C//DTD XHTML 1.0 Transitional//EN"
    "http://www.w3.org/TR/xhtml1/DTD/xhtml1-transitional.dtd">
<html xmlns="http://www.w3.org/1999/xhtml" xml:lang="en" lang="en">
 <head>
  <title>
</title>
<meta http-equiv="Content-Type" content="text/html;charset=utf-8" />
  <meta name='ocr-system' content='tesseract 3.04.00' />
  <meta name='ocr-capabilities' content='ocr_page ocr_carea ocr_par ocr_line ocrx_word'/>
</head>
<body>
  <div class='ocr_page' id='page_1' title='image "./mtulliiciceroni00sticgoog_0137.png"; bbox 0 0 2710 4374; ppageno 0'>
   <div class='ocr_carea' id='block_1_1' title="bbox 395 383 1158 458">
    <p class='ocr_par' dir='ltr' id='par_1_1' title="bbox 395 383 1158 458">
     <span class='ocr_line' id='line_1_1' title="bbox 395 383 1158 458; baseline 0.016 -24"><span class='ocrx_word' id='word_1_1' title='bbox 395 384 465 436; x_wconf 80' lang='lat' dir='ltr'><strong>LIB.</strong></span> <span class='ocrx_word' id='word_1_2' title='bbox 484 384 521 436; x_wconf 88' lang='grc' dir='ltr'><strong>ΙΙ.</strong></span> <span class='ocrx_word' id='word_1_3' title='bbox 557 383 637 437; x_wconf 84' lang='lat' dir='ltr'>GAP.</span> <span class='ocrx_word' id='word_1_4' title='bbox 658 387 748 438; x_wconf 78' lang='lat'>19-21.</span> <span class='ocrx_word' id='word_1_5' title='bbox 785 384 800 450; x_wconf 67' lang='grc' dir='ltr'>ξ</span> <span class='ocrx_word' id='word_1_6' title='bbox 818 388 908 442; x_wconf 78' lang='grc'><strong>68-72.</strong></span> <span class='ocrx_word' id='word_1_7' title='bbox 1093 389 1158 458; x_wconf 79' lang='grc'><strong>107</strong></span> 
     </span>
    </p>
   </div>
   <div class='ocr_carea' id='block_1_2' title="bbox 103 535 1204 3808">
    <p class='ocr_par' dir='ltr' id='par_1_2' title="bbox 103 535 1204 3808">
     <span class='ocr_line' id='line_1_2' title="bbox 139 535 1154 623; baseline 0.004 -21"><span class='ocrx_word' id='word_1_8' title='bbox 139 555 242 602; x_wconf 89' lang='lat' dir='ltr'><strong>suurn</strong></span> <span class='ocrx_word' id='word_1_9' title='bbox 257 555 390 619; x_wconf 89' lang='lat' dir='ltr'><strong>munus,</strong></span> <span class='ocrx_word' id='word_1_10' title='bbox 402 535 507 621; x_wconf 87' lang='lat' dir='ltr'><strong>siquo</strong></span> <span class='ocrx_word' id='word_1_11' title='bbox 522 535 611 602; x_wconf 86' lang='lat' dir='ltr'><strong>forts</strong></span> <span class='ocrx_word' id='word_1_12' title='bbox 625 535 790 623; x_wconf 82' lang='lat' dir='ltr'><strong>fungitur,</strong></span> <span class='ocrx_word' id='word_1_13' title='bbox 802 537 859 604; x_wconf 88' lang='lat' dir='ltr'><strong>sed</strong></span> <span class='ocrx_word' id='word_1_14' title='bbox 874 535 974 606; x_wconf 84' lang='lat' dir='ltr'><strong>etiam</strong></span> <span class='ocrx_word' id='word_1_15' title='bbox 987 545 1154 606; x_wconf 78' lang='lat' dir='ltr'>extenuat.</span> 
     </span>
     <span class='ocr_line' id='line_1_3' title="bbox 140 637 1157 728; baseline 0.004 -24"><span class='ocrx_word' id='word_1_16' title='bbox 140 637 408 724; x_wconf 80' lang='lat' dir='ltr'>Videndumque</span> <span class='ocrx_word' id='word_1_17' title='bbox 430 637 515 703; x_wconf 89' lang='lat' dir='ltr'><strong>illud</strong></span> <span class='ocrx_word' id='word_1_18' title='bbox 538 647 597 721; x_wconf 88' lang='lat' dir='ltr'><strong>est,</strong></span> <span class='ocrx_word' id='word_1_19' title='bbox 617 639 717 726; x_wconf 90' lang='lat' dir='ltr'><strong>quod,</strong></span> <span class='ocrx_word' id='word_1_20' title='bbox 736 639 764 704; x_wconf 91' lang='lat' dir='ltr'><strong>si</strong></span> <span class='ocrx_word' id='word_1_21' title='bbox 786 639 984 728; x_wconf 89' lang='lat' dir='ltr'><strong>opulentum</strong></span> <span class='ocrx_word' id='word_1_22' title='bbox 1007 642 1157 708; x_wconf 83' lang='lat' dir='ltr'><strong>fortuna-</strong></span> 
     </span>
     <span class='ocr_line' id='line_1_4' title="bbox 141 740 1157 827; baseline 0.004 -20"><span class='ocrx_word' id='word_1_23' title='bbox 141 750 286 827; x_wconf 87' lang='lat' dir='ltr'><strong>tumque</strong></span> <span class='ocrx_word' id='word_1_24' title='bbox 300 740 500 822; x_wconf 83' lang='lat' dir='ltr'><strong>defenderis,</strong></span> <span class='ocrx_word' id='word_1_25' title='bbox 516 740 551 808; x_wconf 91' lang='lat' dir='ltr'><strong>iu</strong></span> <span class='ocrx_word' id='word_1_26' title='bbox 569 761 638 806; x_wconf 91' lang='lat' dir='ltr'><strong>nno</strong></span> <span class='ocrx_word' id='word_1_27' title='bbox 660 740 719 806; x_wconf 93' lang='lat' dir='ltr'><strong>illo</strong></span> <span class='ocrx_word' id='word_1_28' title='bbox 740 749 808 824; x_wconf 88' lang='lat' dir='ltr'><strong>ant,</strong></span> <span class='ocrx_word' id='word_1_29' title='bbox 826 743 854 806; x_wconf 91' lang='lat' dir='ltr'><strong>si</strong></span> <span class='ocrx_word' id='word_1_30' title='bbox 872 742 971 826; x_wconf 82' lang='lat' dir='ltr'><strong>forte,</strong></span> <span class='ocrx_word' id='word_1_31' title='bbox 986 743 1022 808; x_wconf 89' lang='lat' dir='ltr'><strong>in</strong></span> <span class='ocrx_word' id='word_1_32' title='bbox 1043 743 1157 812; x_wconf 90' lang='lat' dir='ltr'><strong>liberis</strong></span> 
     </span>
     <span class='ocr_line' id='line_1_5' title="bbox 141 843 1153 932; baseline 0.003 -23"><span class='ocrx_word' id='word_1_33' title='bbox 141 845 216 910; x_wconf 90' lang='lat' dir='ltr'><strong>eius</strong></span> <span class='ocrx_word' id='word_1_34' title='bbox 234 851 346 908; x_wconf 90' lang='lat' dir='ltr'><strong>manet</strong></span> <span class='ocrx_word' id='word_1_35' title='bbox 363 843 488 930; x_wconf 83' lang='lat' dir='ltr'><strong>gratia3</strong></span> <span class='ocrx_word' id='word_1_36' title='bbox 510 843 561 908; x_wconf 89' lang='lat' dir='ltr'><strong>sin</strong></span> <span class='ocrx_word' id='word_1_37' title='bbox 584 853 695 908; x_wconf 88' lang='lat' dir='ltr'><strong>autem</strong></span> <span class='ocrx_word' id='word_1_38' title='bbox 717 844 862 930; x_wconf 86' lang='lat' dir='ltr'><strong>inopem,</strong></span> <span class='ocrx_word' id='word_1_39' title='bbox 885 847 1026 932; x_wconf 87' lang='lat' dir='ltr'><strong>probum</strong></span> <span class='ocrx_word' id='word_1_40' title='bbox 1044 855 1153 914; x_wconf 90' lang='lat' dir='ltr'><strong>tamen</strong></span> 
     </span>
     <span class='ocr_line' id='line_1_6' title="bbox 118 946 1156 1038; baseline 0.007 -29"><span class='ocrx_word' id='word_1_41' title='bbox 118 957 179 1012; x_wconf 81' lang='lat' dir='ltr'><strong>aet</strong></span> <span class='ocrx_word' id='word_1_42' title='bbox 194 946 392 1028; x_wconf 88' lang='lat' dir='ltr'><strong>modestum,</strong></span> <span class='ocrx_word' id='word_1_43' title='bbox 409 967 524 1011; x_wconf 89' lang='lat' dir='ltr'><strong>omnes</strong></span> <span class='ocrx_word' id='word_1_44' title='bbox 538 967 604 1012; x_wconf 91' lang='lat' dir='ltr'><strong>non</strong></span> <span class='ocrx_word' id='word_1_45' title='bbox 621 947 753 1034; x_wconf 89' lang='lat' dir='ltr'><strong>inprobi</strong></span> <span class='ocrx_word' id='word_1_46' title='bbox 769 947 922 1032; x_wconf 83' lang='lat' dir='ltr'>humiles,</span> <span class='ocrx_word' id='word_1_47' title='bbox 937 970 1021 1036; x_wconf 87' lang='lat' dir='ltr'><strong>quae</strong></span> <span class='ocrx_word' id='word_1_48' title='bbox 1037 971 1156 1038; x_wconf 84' lang='lat' dir='ltr'><strong>magun</strong></span> 
     </span>
     <span class='ocr_line' id='line_1_7' title="bbox 142 1047 1155 1140; baseline 0.005 -26"><span class='ocrx_word' id='word_1_49' title='bbox 142 1051 178 1115; x_wconf 89' lang='lat' dir='ltr'><strong>in</strong></span> <span class='ocrx_word' id='word_1_50' title='bbox 214 1047 340 1136; x_wconf 90' lang='lat' dir='ltr'><strong>populo</strong></span> <span class='ocrx_word' id='word_1_51' title='bbox 371 1047 553 1118; x_wconf 88' lang='lat' dir='ltr'><strong>multitudo</strong></span> <span class='ocrx_word' id='word_1_52' title='bbox 585 1057 644 1127; x_wconf 86' lang='lat' dir='ltr'><strong>est,</strong></span> <span class='ocrx_word' id='word_1_53' title='bbox 678 1049 878 1136; x_wconf 79' lang='lat' dir='ltr'><strong>praesidium</strong></span> <span class='ocrx_word' id='word_1_54' title='bbox 907 1052 971 1117; x_wconf 89' lang='lat' dir='ltr'><strong>sibi</strong></span> <span class='ocrx_word' id='word_1_55' title='bbox 1003 1063 1155 1140; x_wconf 88' lang='lat' dir='ltr'><strong>paratum</strong></span> 
     </span>
     <span class='ocr_line' id='line_1_8' title="bbox 143 1151 1201 1242; baseline 0.004 -26"><span class='ocrx_word' id='word_1_56' title='bbox 143 1153 272 1218; x_wconf 87' lang='lat' dir='ltr'><strong>vident.</strong></span> <span class='ocrx_word' id='word_1_57' title='bbox 317 1151 426 1230; x_wconf 83' lang='lat' dir='ltr'><strong>Quam</strong></span> <span class='ocrx_word' id='word_1_58' title='bbox 442 1152 485 1218; x_wconf 93' lang='lat' dir='ltr'><strong>ob</strong></span> <span class='ocrx_word' id='word_1_59' title='bbox 500 1173 571 1218; x_wconf 79' lang='lat' dir='ltr'><strong>reni</strong></span> <span class='ocrx_word' id='word_1_60' title='bbox 586 1151 705 1218; x_wconf 90' lang='lat' dir='ltr'><strong>melius</strong></span> <span class='ocrx_word' id='word_1_61' title='bbox 723 1153 810 1240; x_wconf 88' lang='lat' dir='ltr'><strong>apud</strong></span> <span class='ocrx_word' id='word_1_62' title='bbox 829 1153 933 1220; x_wconf 90' lang='lat' dir='ltr'><strong>bonos</strong></span> <span class='ocrx_word' id='word_1_63' title='bbox 950 1175 1049 1242; x_wconf 90' lang='lat' dir='ltr'><strong>quam</strong></span> <span class='ocrx_word' id='word_1_64' title='bbox 1067 1156 1154 1242; x_wconf 88' lang='lat' dir='ltr'><strong>apud</strong></span> <span class='ocrx_word' id='word_1_65' title='bbox 1166 1160 1201 1220; x_wconf 79' lang='lat' dir='ltr'><strong>tl</strong></span> 
     </span>
     <span class='ocr_line' id='line_1_9' title="bbox 141 1253 1160 1342; baseline 0 -20"><span class='ocrx_word' id='word_1_66' title='bbox 141 1255 334 1322; x_wconf 82' lang='lat' dir='ltr'><strong>fortunatos</strong></span> <span class='ocrx_word' id='word_1_67' title='bbox 352 1253 551 1320; x_wconf 85' lang='lat' dir='ltr'><strong>beneficium</strong></span> <span class='ocrx_word' id='word_1_68' title='bbox 573 1253 727 1321; x_wconf 88' lang='lat' dir='ltr'><strong>collocari</strong></span> <span class='ocrx_word' id='word_1_69' title='bbox 745 1263 838 1342; x_wconf 90' lang='lat' dir='ltr'><strong>puto.</strong></span> <span class='ocrx_word' id='word_1_70' title='bbox 882 1255 1002 1324; x_wconf 86' lang='lat' dir='ltr'><strong>Danda</strong></span> <span class='ocrx_word' id='word_1_71' title='bbox 1019 1259 1160 1324; x_wconf 68' lang='lat' dir='ltr'><strong>omnino¹</strong></span> 
     </span>
     <span class='ocr_line' id='line_1_10' title="bbox 142 1357 1155 1445; baseline 0 -21"><span class='ocrx_word' id='word_1_72' title='bbox 142 1367 320 1445; x_wconf 88' lang='lat' dir='ltr'><strong>operaest,</strong></span> <span class='ocrx_word' id='word_1_73' title='bbox 336 1366 374 1423; x_wconf 87' lang='lat' dir='ltr'><strong>ut</strong></span> <span class='ocrx_word' id='word_1_74' title='bbox 390 1358 484 1424; x_wconf 90' lang='lat' dir='ltr'><strong>omni</strong></span> <span class='ocrx_word' id='word_1_75' title='bbox 498 1357 613 1445; x_wconf 84' lang='lat' dir='ltr'><strong>generi</strong></span> <span class='ocrx_word' id='word_1_76' title='bbox 627 1357 706 1423; x_wconf 85' lang='lat' dir='ltr'><strong>satis</strong></span> <span class='ocrx_word' id='word_1_77' title='bbox 724 1357 833 1424; x_wconf 83' lang='lat' dir='ltr'><strong>facere</strong></span> <span class='ocrx_word' id='word_1_78' title='bbox 850 1360 1031 1445; x_wconf 82' lang='lat' dir='ltr'><strong>possimus3</strong></span> <span class='ocrx_word' id='word_1_79' title='bbox 1053 1361 1110 1426; x_wconf 90' lang='lat' dir='ltr'><strong>sed</strong></span> <span class='ocrx_word' id='word_1_80' title='bbox 1127 1362 1155 1425; x_wconf 89' lang='lat' dir='ltr'><strong>si</strong></span> 
     </span>
     <span class='ocr_line' id='line_1_11' title="bbox 106 1461 1156 1543; baseline 0.003 -19"><span class='ocrx_word' id='word_1_81' title='bbox 106 1483 198 1528; x_wconf 81' lang='lat' dir='ltr'><strong>rores</strong></span> <span class='ocrx_word' id='word_1_82' title='bbox 213 1463 248 1525; x_wconf 91' lang='lat' dir='ltr'><strong>in</strong></span> <span class='ocrx_word' id='word_1_83' title='bbox 268 1461 516 1528; x_wconf 81' lang='lat' dir='ltr'><strong>contentionem</strong></span> <span class='ocrx_word' id='word_1_84' title='bbox 534 1461 660 1543; x_wconf 74' lang='lat' dir='ltr'><strong>veniet,</strong></span> <span class='ocrx_word' id='word_1_85' title='bbox 676 1461 834 1526; x_wconf 88' lang='lat' dir='ltr'><strong>nimirum</strong></span> <span class='ocrx_word' id='word_1_86' title='bbox 854 1461 1089 1528; x_wconf 85' lang='lat' dir='ltr'><strong>Themistocles</strong></span> <span class='ocrx_word' id='word_1_87' title='bbox 1106 1471 1156 1528; x_wconf 88' lang='lat' dir='ltr'><strong>est</strong></span> 
     </span>
     <span class='ocr_line' id='line_1_12' title="bbox 142 1563 1156 1650; baseline -0.001 -19"><span class='ocrx_word' id='word_1_88' title='bbox 142 1573 262 1631; x_wconf 84' lang='lat' dir='ltr'><strong>auctor</strong></span> <span class='ocrx_word' id='word_1_89' title='bbox 276 1564 501 1645; x_wconf 82' lang='lat' dir='ltr'><strong>adhibendus3</strong></span> <span class='ocrx_word' id='word_1_90' title='bbox 517 1563 575 1650; x_wconf 90' lang='lat' dir='ltr'><strong>qui</strong></span> <span class='ocrx_word' id='word_1_91' title='bbox 591 1582 666 1630; x_wconf 86' lang='lat' dir='ltr'><strong>cum</strong></span> <span class='ocrx_word' id='word_1_92' title='bbox 686 1563 921 1646; x_wconf 84' lang='lat' dir='ltr'><strong>consuleretur,</strong></span> <span class='ocrx_word' id='word_1_93' title='bbox 938 1571 1051 1630; x_wconf 91' lang='lat' dir='ltr'><strong>utrum</strong></span> <span class='ocrx_word' id='word_1_94' title='bbox 1069 1565 1156 1630; x_wconf 92' lang='lat' dir='ltr'><strong>bono</strong></span> 
     </span>
     <span class='ocr_line' id='line_1_13' title="bbox 144 1665 1154 1755; baseline 0 -24"><span class='ocrx_word' id='word_1_95' title='bbox 144 1669 220 1734; x_wconf 89' lang='lat' dir='ltr'><strong>viro</strong></span> <span class='ocrx_word' id='word_1_96' title='bbox 235 1667 372 1755; x_wconf 87' lang='lat' dir='ltr'><strong>pauperi</strong></span> <span class='ocrx_word' id='word_1_97' title='bbox 388 1689 428 1732; x_wconf 88' lang='lat' dir='ltr'><strong>an</strong></span> <span class='ocrx_word' id='word_1_98' title='bbox 446 1667 555 1732; x_wconf 90' lang='lat' dir='ltr'><strong>minus</strong></span> <span class='ocrx_word' id='word_1_99' title='bbox 570 1667 709 1754; x_wconf 85' lang='lat' dir='ltr'><strong>probato</strong></span> <span class='ocrx_word' id='word_1_100' title='bbox 724 1666 822 1732; x_wconf 88' lang='lat' dir='ltr'><strong>diviti</strong></span> <span class='ocrx_word' id='word_1_101' title='bbox 840 1665 943 1734; x_wconf 86' lang='lat' dir='ltr'><strong>filiam</strong></span> <span class='ocrx_word' id='word_1_102' title='bbox 962 1666 1154 1733; x_wconf 81' lang='lat' dir='ltr'><strong>collocaret:</strong></span> 
     </span>
     <span class='ocr_line' id='line_1_14' title="bbox 144 1769 1155 1858; baseline -0.001 -22"><span class='ocrx_word' id='word_1_103' title='bbox 144 1770 251 1857; x_wconf 85' lang='lat' dir='ltr'><strong>“Ego</strong></span> <span class='ocrx_word' id='word_1_104' title='bbox 269 1769 378 1851; x_wconf 87' lang='lat' dir='ltr'><strong>vero,’&#39;</strong></span> <span class='ocrx_word' id='word_1_105' title='bbox 395 1769 515 1857; x_wconf 89' lang='lat' dir='ltr'><strong>inquit,</strong></span> <span class='ocrx_word' id='word_1_106' title='bbox 531 1769 649 1834; x_wconf 88' lang='lat' dir='ltr'><strong>“malo</strong></span> <span class='ocrx_word' id='word_1_107' title='bbox 671 1771 791 1852; x_wconf 88' lang='lat' dir='ltr'><strong>virum,</strong></span> <span class='ocrx_word' id='word_1_108' title='bbox 808 1770 866 1856; x_wconf 90' lang='lat' dir='ltr'><strong>qui</strong></span> <span class='ocrx_word' id='word_1_109' title='bbox 888 1771 1028 1857; x_wconf 88' lang='lat' dir='ltr'><strong>pecunia</strong></span> <span class='ocrx_word' id='word_1_110' title='bbox 1049 1779 1155 1858; x_wconf 83' lang='lat' dir='ltr'><strong>egeat,</strong></span> 
     </span>
     <span class='ocr_line' id='line_1_15' title="bbox 143 1871 1156 1960; baseline 0 -22"><span class='ocrx_word' id='word_1_111' title='bbox 143 1895 246 1960; x_wconf 87' lang='lat' dir='ltr'><strong>qnam</strong></span> <span class='ocrx_word' id='word_1_112' title='bbox 265 1873 450 1960; x_wconf 89' lang='lat' dir='ltr'><strong>pecuniam,</strong></span> <span class='ocrx_word' id='word_1_113' title='bbox 467 1893 550 1958; x_wconf 86' lang='lat' dir='ltr'><strong>quae</strong></span> <span class='ocrx_word' id='word_1_114' title='bbox 569 1871 671 1938; x_wconf 86' lang='lat' dir='ltr'><strong>viro.’&#39;</strong></span> <span class='ocrx_word' id='word_1_115' title='bbox 717 1872 783 1938; x_wconf 84' lang='lat' dir='ltr'><strong>Sed</strong></span> <span class='ocrx_word' id='word_1_116' title='bbox 805 1873 952 1960; x_wconf 82' lang='lat' dir='ltr'><strong>corrupti</strong></span> <span class='ocrx_word' id='word_1_117' title='bbox 975 1895 1082 1938; x_wconf 89' lang='lat' dir='ltr'><strong>mores</strong></span> <span class='ocrx_word' id='word_1_118' title='bbox 1103 1873 1156 1938; x_wconf 91' lang='lat' dir='ltr'><strong>de·</strong></span> 
     </span>
     <span class='ocr_line' id='line_1_16' title="bbox 103 1974 1155 2063; baseline 0.001 -23"><span class='ocrx_word' id='word_1_119' title='bbox 103 1999 134 2040; x_wconf 78' lang='lat' dir='ltr'><strong>rs</strong></span> <span class='ocrx_word' id='word_1_120' title='bbox 144 1977 342 2063; x_wconf 89' lang='lat' dir='ltr'><strong>pravatiqne</strong></span> <span class='ocrx_word' id='word_1_121' title='bbox 357 1983 434 2040; x_wconf 89' lang='lat' dir='ltr'><strong>suut</strong></span> <span class='ocrx_word' id='word_1_122' title='bbox 449 1974 667 2040; x_wconf 83' lang='lat' dir='ltr'><strong>admiratione</strong></span> <span class='ocrx_word' id='word_1_123' title='bbox 682 1974 894 2058; x_wconf 66' lang='lat' dir='ltr'><strong>divitiarum</strong></span> <span class='ocrx_word' id='word_1_124' title='bbox 912 1997 1053 2062; x_wconf 81' lang='lat' dir='ltr'><strong>qrrnrum</strong></span> <span class='ocrx_word' id='word_1_125' title='bbox 1070 1997 1155 2063; x_wconf 84' lang='lat' dir='ltr'><strong>mag·</strong></span> 
     </span>
     <span class='ocr_line' id='line_1_17' title="bbox 144 2077 1154 2166; baseline 0.002 -23"><span class='ocrx_word' id='word_1_126' title='bbox 144 2078 265 2144; x_wconf 88' lang='lat' dir='ltr'><strong>nitudo</strong></span> <span class='ocrx_word' id='word_1_127' title='bbox 294 2078 375 2164; x_wconf 90' lang='lat' dir='ltr'><strong>quid</strong></span> <span class='ocrx_word' id='word_1_128' title='bbox 405 2077 445 2144; x_wconf 90' lang='lat' dir='ltr'><strong>ad</strong></span> <span class='ocrx_word' id='word_1_129' title='bbox 475 2097 580 2142; x_wconf 90' lang='lat' dir='ltr'><strong>unum</strong></span> <span class='ocrx_word' id='word_1_130' title='bbox 611 2098 776 2166; x_wconf 88' lang='lat' dir='ltr'><strong>quemque</strong></span> <span class='ocrx_word' id='word_1_131' title='bbox 806 2087 955 2144; x_wconf 89' lang='lat' dir='ltr'><strong>nostrum</strong></span> <span class='ocrx_word' id='word_1_132' title='bbox 988 2079 1154 2166; x_wconf 65' lang='lat' dir='ltr'><strong>pertinet?</strong></span> 
     </span>
     <span class='ocr_line' id='line_1_18' title="bbox 144 2179 1155 2268; baseline -0.002 -20"><span class='ocrx_word' id='word_1_133' title='bbox 144 2181 252 2248; x_wconf 88' lang='lat' dir='ltr'><strong>Illum</strong></span> <span class='ocrx_word' id='word_1_134' title='bbox 264 2181 402 2247; x_wconf 85' lang='lat' dir='ltr'><strong>fortasse</strong></span> <span class='ocrx_word' id='word_1_135' title='bbox 417 2180 560 2263; x_wconf 84' lang='lat' dir='ltr'><strong>adiuvat,</strong></span> <span class='ocrx_word' id='word_1_136' title='bbox 577 2181 634 2266; x_wconf 91' lang='lat' dir='ltr'><strong>qui</strong></span> <span class='ocrx_word' id='word_1_137' title='bbox 650 2179 758 2246; x_wconf 87' lang='lat' dir='ltr'><strong>habet.</strong></span> <span class='ocrx_word' id='word_1_138' title='bbox 803 2179 858 2246; x_wconf 90' lang='lat' dir='ltr'><strong>Ne</strong></span> <span class='ocrx_word' id='word_1_139' title='bbox 873 2181 908 2247; x_wconf 93' lang='lat' dir='ltr'><strong>id</strong></span> <span class='ocrx_word' id='word_1_140' title='bbox 923 2182 1057 2268; x_wconf 84' lang='lat' dir='ltr'><strong>quidem</strong></span> <span class='ocrx_word' id='word_1_141' title='bbox 1074 2203 1155 2248; x_wconf 89' lang='lat' dir='ltr'><strong>sem·</strong></span> 
     </span>
     <span class='ocr_line' id='line_1_19' title="bbox 143 2283 1155 2372; baseline 0 -22"><span class='ocrx_word' id='word_1_142' title='bbox 143 2305 224 2372; x_wconf 85' lang='lat' dir='ltr'><strong>per3</strong></span> <span class='ocrx_word' id='word_1_143' title='bbox 246 2283 304 2350; x_wconf 93' lang='lat' dir='ltr'><strong>sed</strong></span> <span class='ocrx_word' id='word_1_144' title='bbox 321 2283 376 2350; x_wconf 85' lang='lat' dir='ltr'><strong>fnc</strong></span> <span class='ocrx_word' id='word_1_145' title='bbox 393 2284 528 2365; x_wconf 85' lang='lat' dir='ltr'><strong>iuvare3</strong></span> <span class='ocrx_word' id='word_1_146' title='bbox 550 2283 698 2348; x_wconf 87' lang='lat' dir='ltr'><strong>utentior</strong></span> <span class='ocrx_word' id='word_1_147' title='bbox 719 2303 797 2349; x_wconf 86' lang='lat' dir='ltr'><strong>saue</strong></span> <span class='ocrx_word' id='word_1_148' title='bbox 814 2284 867 2366; x_wconf 91' lang='lat' dir='ltr'><strong>sit,</strong></span> <span class='ocrx_word' id='word_1_149' title='bbox 885 2283 1054 2350; x_wconf 85' lang='lat' dir='ltr'><strong>honestior</strong></span> <span class='ocrx_word' id='word_1_150' title='bbox 1075 2307 1155 2350; x_wconf 85' lang='lat' dir='ltr'><strong>vero</strong></span> 
     </span>
     <span class='ocr_line' id='line_1_20' title="bbox 144 2385 1156 2475; baseline -0.001 -22"><span class='ocrx_word' id='word_1_151' title='bbox 144 2409 212 2475; x_wconf 91' lang='lat' dir='ltr'><strong>quo</strong></span> <span class='ocrx_word' id='word_1_152' title='bbox 229 2386 349 2453; x_wconf 89' lang='lat' dir='ltr'><strong>modol</strong></span> <span class='ocrx_word' id='word_1_153' title='bbox 393 2385 521 2464; x_wconf 82' lang='lat' dir='ltr'><strong>Quodsi</strong></span> <span class='ocrx_word' id='word_1_154' title='bbox 544 2386 644 2451; x_wconf 88' lang='lat' dir='ltr'><strong>etiam</strong></span> <span class='ocrx_word' id='word_1_155' title='bbox 666 2387 773 2452; x_wconf 91' lang='lat' dir='ltr'><strong>bonus</strong></span> <span class='ocrx_word' id='word_1_156' title='bbox 795 2387 858 2453; x_wconf 85' lang='lat' dir='ltr'><strong>erit</strong></span> <span class='ocrx_word' id='word_1_157' title='bbox 880 2387 942 2470; x_wconf 87' lang='lat' dir='ltr'><strong>vir,</strong></span> <span class='ocrx_word' id='word_1_158' title='bbox 958 2409 1000 2453; x_wconf 91' lang='lat' dir='ltr'><strong>ne</strong></span> <span class='ocrx_word' id='word_1_159' title='bbox 1018 2387 1156 2475; x_wconf 89' lang='lat' dir='ltr'><strong>impodi-</strong></span> 
     </span>
     <span class='ocr_line' id='line_1_21' title="bbox 105 2488 1154 2574; baseline -0.001 -20"><span class='ocrx_word' id='word_1_160' title='bbox 105 2497 205 2555; x_wconf 77' lang='lat' dir='ltr'><strong>snant</strong></span> <span class='ocrx_word' id='word_1_161' title='bbox 230 2489 376 2572; x_wconf 83' lang='lat' dir='ltr'><strong>divitiae,</strong></span> <span class='ocrx_word' id='word_1_162' title='bbox 402 2509 470 2574; x_wconf 92' lang='lat' dir='ltr'><strong>quo</strong></span> <span class='ocrx_word' id='word_1_163' title='bbox 496 2489 606 2554; x_wconf 90' lang='lat' dir='ltr'><strong>minus</strong></span> <span class='ocrx_word' id='word_1_164' title='bbox 630 2488 773 2571; x_wconf 86' lang='lat' dir='ltr'><strong>iuvetur,</strong></span> <span class='ocrx_word' id='word_1_165' title='bbox 788 2488 897 2554; x_wconf 88' lang='lat' dir='ltr'><strong>modo</strong></span> <span class='ocrx_word' id='word_1_166' title='bbox 923 2509 965 2554; x_wconf 88' lang='lat' dir='ltr'><strong>ne</strong></span> <span class='ocrx_word' id='word_1_167' title='bbox 986 2489 1154 2570; x_wconf 83' lang='lat' dir='ltr'><strong>adiuvent,</strong></span> 
     </span>
     <span class='ocr_line' id='line_1_22' title="bbox 143 2589 1156 2678; baseline -0.002 -20"><span class='ocrx_word' id='word_1_168' title='bbox 143 2594 255 2678; x_wconf 85' lang='lat' dir='ltr'><strong>sitque</strong></span> <span class='ocrx_word' id='word_1_169' title='bbox 277 2613 376 2658; x_wconf 88' lang='lat' dir='ltr'><strong>omne</strong></span> <span class='ocrx_word' id='word_1_170' title='bbox 397 2591 568 2674; x_wconf 90' lang='lat' dir='ltr'><strong>iudicium,</strong></span> <span class='ocrx_word' id='word_1_171' title='bbox 584 2612 649 2656; x_wconf 91' lang='lat' dir='ltr'><strong>non</strong></span> <span class='ocrx_word' id='word_1_172' title='bbox 674 2612 774 2678; x_wconf 82' lang='lat' dir='ltr'><strong>quam</strong></span> <span class='ocrx_word' id='word_1_173' title='bbox 796 2589 954 2677; x_wconf 86' lang='lat' dir='ltr'><strong>locuples,</strong></span> <span class='ocrx_word' id='word_1_174' title='bbox 969 2591 1027 2656; x_wconf 88' lang='lat' dir='ltr'><strong>sed</strong></span> <span class='ocrx_word' id='word_1_175' title='bbox 1049 2591 1156 2676; x_wconf 87' lang='lat' dir='ltr'><strong>qualis</strong></span> 
     </span>
     <span class='ocr_line' id='line_1_23' title="bbox 144 2693 1156 2782; baseline -0.003 -22"><span class='ocrx_word' id='word_1_176' title='bbox 144 2696 287 2782; x_wconf 88' lang='lat' dir='ltr'><strong>quisque</strong></span> <span class='ocrx_word' id='word_1_177' title='bbox 308 2695 367 2760; x_wconf 83' lang='lat' dir='ltr'><strong>siti</strong></span> <span class='ocrx_word' id='word_1_178' title='bbox 411 2693 607 2760; x_wconf 82' lang='lat' dir='ltr'><strong>Extremum</strong></span> <span class='ocrx_word' id='word_1_179' title='bbox 631 2702 743 2758; x_wconf 88' lang='lat' dir='ltr'><strong>autem</strong></span> <span class='ocrx_word' id='word_1_180' title='bbox 765 2700 979 2778; x_wconf 87' lang='lat' dir='ltr'><strong>praeceptum</strong></span> <span class='ocrx_word' id='word_1_181' title='bbox 1001 2693 1037 2755; x_wconf 93' lang='lat' dir='ltr'><strong>in</strong></span> <span class='ocrx_word' id='word_1_182' title='bbox 1060 2693 1156 2757; x_wconf 90' lang='lat' dir='ltr'><strong>beno·</strong></span> 
     </span>
     <span class='ocr_line' id='line_1_24' title="bbox 143 2794 1156 2884; baseline -0.004 -22"><span class='ocrx_word' id='word_1_183' title='bbox 143 2796 230 2863; x_wconf 88' lang='lat' dir='ltr'><strong>ficiis</strong></span> <span class='ocrx_word' id='word_1_184' title='bbox 248 2817 412 2884; x_wconf 86' lang='lat' dir='ltr'><strong>operaque</strong></span> <span class='ocrx_word' id='word_1_185' title='bbox 430 2796 548 2880; x_wconf 88' lang='lat' dir='ltr'><strong>danda,</strong></span> <span class='ocrx_word' id='word_1_186' title='bbox 567 2818 609 2860; x_wconf 88' lang='lat' dir='ltr'><strong>ne</strong></span> <span class='ocrx_word' id='word_1_187' title='bbox 627 2795 709 2881; x_wconf 89' lang='lat' dir='ltr'><strong>quid</strong></span> <span class='ocrx_word' id='word_1_188' title='bbox 728 2801 841 2860; x_wconf 83' lang='lat' dir='ltr'><strong>contra</strong></span> <span class='ocrx_word' id='word_1_189' title='bbox 859 2794 1059 2880; x_wconf 85' lang='lat' dir='ltr'><strong>aequitatem</strong></span> <span class='ocrx_word' id='word_1_190' title='bbox 1081 2815 1156 2858; x_wconf 91' lang='lat' dir='ltr'><strong>oon·</strong></span> 
     </span>
     <span class='ocr_line' id='line_1_25' title="bbox 143 2889 1156 2988; baseline -0.004 -24"><span class='ocrx_word' id='word_1_191' title='bbox 143 2899 271 2987; x_wconf 86' lang='lat' dir='ltr'><strong>tendas,</strong></span> <span class='ocrx_word' id='word_1_192' title='bbox 294 2921 336 2966; x_wconf 90' lang='lat' dir='ltr'><strong>ne</strong></span> <span class='ocrx_word' id='word_1_193' title='bbox 359 2898 439 2986; x_wconf 90' lang='lat' dir='ltr'><strong>quid</strong></span> <span class='ocrx_word' id='word_1_194' title='bbox 461 2920 522 2988; x_wconf 90' lang='lat' dir='ltr'><strong>pro</strong></span> <span class='ocrx_word' id='word_1_195' title='bbox 544 2898 683 2978; x_wconf 85' lang='lat' dir='ltr'><strong>iniuria3</strong></span> <span class='ocrx_word' id='word_1_196' title='bbox 706 2889 963 2962; x_wconf 82' lang='lat' dir='ltr'><strong>fundamentum</strong></span> <span class='ocrx_word' id='word_1_197' title='bbox 995 2896 1084 2962; x_wconf 90' lang='lat' dir='ltr'><strong>enim</strong></span> <span class='ocrx_word' id='word_1_198' title='bbox 1106 2903 1156 2962; x_wconf 87' lang='lat' dir='ltr'><strong>est</strong></span> 
     </span>
     <span class='ocr_line' id='line_1_26' title="bbox 107 2993 1156 3090; baseline -0.004 -20"><span class='ocrx_word' id='word_1_199' title='bbox 107 3010 325 3090; x_wconf 77' lang='lat' dir='ltr'><strong>superpetuao</strong></span> <span class='ocrx_word' id='word_1_200' title='bbox 346 3000 641 3068; x_wconf 87' lang='lat' dir='ltr'><strong>commendationis</strong></span> <span class='ocrx_word' id='word_1_201' title='bbox 663 3007 697 3066; x_wconf 85' lang='lat' dir='ltr'><strong>et</strong></span> <span class='ocrx_word' id='word_1_202' title='bbox 719 2993 829 3066; x_wconf 84' lang='lat' dir='ltr'><strong>famae</strong></span> <span class='ocrx_word' id='word_1_203' title='bbox 850 2998 986 3084; x_wconf 85' lang='lat' dir='ltr'><strong>iustitia,</strong></span> <span class='ocrx_word' id='word_1_204' title='bbox 1002 2999 1073 3065; x_wconf 90' lang='lat' dir='ltr'><strong>sine</strong></span> <span class='ocrx_word' id='word_1_205' title='bbox 1091 3021 1156 3089; x_wconf 90' lang='lat' dir='ltr'><strong>qua</strong></span> 
     </span>
     <span class='ocr_line' id='line_1_27' title="bbox 144 3103 954 3192; baseline 0 -23"><span class='ocrx_word' id='word_1_206' title='bbox 144 3103 231 3169; x_wconf 92' lang='lat' dir='ltr'><strong>nihil</strong></span> <span class='ocrx_word' id='word_1_207' title='bbox 246 3111 355 3191; x_wconf 89' lang='lat' dir='ltr'><strong>potest</strong></span> <span class='ocrx_word' id='word_1_208' title='bbox 370 3125 440 3170; x_wconf 89' lang='lat' dir='ltr'><strong>esse</strong></span> <span class='ocrx_word' id='word_1_209' title='bbox 455 3103 627 3169; x_wconf 87' lang='lat' dir='ltr'><strong>laudabile.</strong></span> <span class='ocrx_word' id='word_1_210' title='bbox 946 3177 954 3192; x_wconf 29' lang='grc' dir='ltr'>ι</span> 
     </span>
     <span class='ocr_line' id='line_1_28' title="bbox 188 3178 1201 3320; baseline -0.002 -49"><span class='ocrx_word' id='word_1_211' title='bbox 188 3206 264 3288; x_wconf 86' lang='lat' dir='ltr'><strong>Sed,</strong></span> <span class='ocrx_word' id='word_1_212' title='bbox 277 3207 434 3292; x_wconf 88' lang='lat' dir='ltr'><strong>quoniam</strong></span> <span class='ocrx_word' id='word_1_213' title='bbox 449 3206 491 3272; x_wconf 88' lang='lat' dir='ltr'><strong>de</strong></span> <span class='ocrx_word' id='word_1_214' title='bbox 505 3227 545 3271; x_wconf 92' lang='lat' dir='ltr'><strong>eo</strong></span> <span class='ocrx_word' id='word_1_215' title='bbox 559 3227 680 3292; x_wconf 86' lang='lat' dir='ltr'><strong>genere</strong></span> <span class='ocrx_word' id='word_1_216' title='bbox 696 3205 931 3273; x_wconf 88' lang='lat' dir='ltr'><strong>beneficiorum</strong></span> <span class='ocrx_word' id='word_1_217' title='bbox 949 3205 1076 3270; x_wconf 89' lang='lat' dir='ltr'><strong>dictum</strong></span> <span class='ocrx_word' id='word_1_218' title='bbox 1092 3178 1201 3320; x_wconf 36' lang='lat' dir='ltr'><strong>est&amp;</strong></span> 
     </span>
     <span class='ocr_line' id='line_1_29' title="bbox 143 3307 1155 3396; baseline 0 -22"><span class='ocrx_word' id='word_1_219' title='bbox 143 3330 229 3396; x_wconf 82' lang='lat' dir='ltr'><strong>quas</strong></span> <span class='ocrx_word' id='word_1_220' title='bbox 244 3311 286 3376; x_wconf 87' lang='lat' dir='ltr'><strong>ad</strong></span> <span class='ocrx_word' id='word_1_221' title='bbox 303 3309 450 3396; x_wconf 88' lang='lat' dir='ltr'><strong>singulos</strong></span> <span class='ocrx_word' id='word_1_222' title='bbox 465 3317 623 3394; x_wconf 89' lang='lat' dir='ltr'><strong>spectant,</strong></span> <span class='ocrx_word' id='word_1_223' title='bbox 636 3309 790 3396; x_wconf 90' lang='lat' dir='ltr'><strong>deinceps</strong></span> <span class='ocrx_word' id='word_1_224' title='bbox 805 3309 847 3375; x_wconf 90' lang='lat' dir='ltr'><strong>de</strong></span> <span class='ocrx_word' id='word_1_225' title='bbox 861 3309 912 3392; x_wconf 89' lang='lat' dir='ltr'><strong>iis,</strong></span> <span class='ocrx_word' id='word_1_226' title='bbox 929 3330 1013 3396; x_wconf 88' lang='lat' dir='ltr'><strong>quas</strong></span> <span class='ocrx_word' id='word_1_227' title='bbox 1027 3308 1069 3372; x_wconf 85' lang='lat' dir='ltr'><strong>ad</strong></span> <span class='ocrx_word' id='word_1_228' title='bbox 1084 3307 1155 3374; x_wconf 91' lang='lat' dir='ltr'><strong>uni·</strong></span> 
     </span>
     <span class='ocr_line' id='line_1_30' title="bbox 144 3411 1156 3500; baseline -0.001 -25"><span class='ocrx_word' id='word_1_229' title='bbox 144 3434 256 3478; x_wconf 86' lang='lat' dir='ltr'><strong>versos</strong></span> <span class='ocrx_word' id='word_1_230' title='bbox 274 3433 425 3497; x_wconf 85' lang='lat' dir='ltr'><strong>quaeque</strong></span> <span class='ocrx_word' id='word_1_231' title='bbox 443 3411 485 3476; x_wconf 85' lang='lat' dir='ltr'><strong>ad</strong></span> <span class='ocrx_word' id='word_1_232' title='bbox 507 3433 578 3478; x_wconf 90' lang='lat' dir='ltr'><strong>rem</strong></span> <span class='ocrx_word' id='word_1_233' title='bbox 600 3411 767 3498; x_wconf 90' lang='lat' dir='ltr'><strong>publicam</strong></span> <span class='ocrx_word' id='word_1_234' title='bbox 789 3412 969 3500; x_wconf 88' lang='lat' dir='ltr'><strong>pertinent,</strong></span> <span class='ocrx_word' id='word_1_235' title='bbox 987 3412 1156 3498; x_wconf 85' lang='lat' dir='ltr'><strong>disputan·</strong></span> 
     </span>
     <span class='ocr_line' id='line_1_31' title="bbox 108 3512 1155 3602; baseline -0.005 -21"><span class='ocrx_word' id='word_1_236' title='bbox 108 3515 225 3582; x_wconf 82' lang='lat' dir='ltr'><strong>eodum</strong></span> <span class='ocrx_word' id='word_1_237' title='bbox 249 3524 309 3580; x_wconf 87' lang='lat' dir='ltr'><strong>est.</strong></span> <span class='ocrx_word' id='word_1_238' title='bbox 354 3513 481 3580; x_wconf 87' lang='lat' dir='ltr'><strong>Eorum</strong></span> <span class='ocrx_word' id='word_1_239' title='bbox 507 3523 617 3580; x_wconf 85' lang='lat' dir='ltr'><strong>autom</strong></span> <span class='ocrx_word' id='word_1_240' title='bbox 642 3515 788 3601; x_wconf 86' lang='lat' dir='ltr'><strong>ipsorum</strong></span> <span class='ocrx_word' id='word_1_241' title='bbox 815 3515 937 3602; x_wconf 88' lang='lat' dir='ltr'><strong>partim</strong></span> <span class='ocrx_word' id='word_1_242' title='bbox 967 3515 1038 3581; x_wconf 89' lang='lat' dir='ltr'><strong>eius</strong></span> <span class='ocrx_word' id='word_1_243' title='bbox 1064 3512 1155 3578; x_wconf 87' lang='lat' dir='ltr'><strong>modi</strong></span> 
     </span>
     <span class='ocr_line' id='line_1_32' title="bbox 144 3615 1164 3705; baseline -0.004 -22"><span class='ocrx_word' id='word_1_244' title='bbox 144 3627 233 3702; x_wconf 89' lang='lat' dir='ltr'><strong>sunt,</strong></span> <span class='ocrx_word' id='word_1_245' title='bbox 249 3626 289 3683; x_wconf 87' lang='lat' dir='ltr'><strong>ut</strong></span> <span class='ocrx_word' id='word_1_246' title='bbox 303 3617 345 3682; x_wconf 89' lang='lat' dir='ltr'><strong>ad</strong></span> <span class='ocrx_word' id='word_1_247' title='bbox 361 3617 531 3683; x_wconf 86' lang='lat' dir='ltr'><strong>universos</strong></span> <span class='ocrx_word' id='word_1_248' title='bbox 547 3617 635 3683; x_wconf 89' lang='lat' dir='ltr'><strong>cives</strong></span> <span class='ocrx_word' id='word_1_249' title='bbox 650 3618 847 3703; x_wconf 89' lang='lat' dir='ltr'><strong>pertineant,</strong></span> <span class='ocrx_word' id='word_1_250' title='bbox 859 3617 992 3705; x_wconf 91' lang='lat' dir='ltr'><strong>partim,</strong></span> <span class='ocrx_word' id='word_1_251' title='bbox 1007 3615 1164 3702; x_wconf 79' lang='lat' dir='ltr'><strong>singulos</strong></span> 
     </span>
     <span class='ocr_line' id='line_1_33' title="bbox 145 3718 1204 3808; baseline -0.006 -22"><span class='ocrx_word' id='word_1_252' title='bbox 145 3721 388 3808; x_wconf 84' lang='lat' dir='ltr'><strong>utattingant3</strong></span> <span class='ocrx_word' id='word_1_253' title='bbox 406 3727 585 3807; x_wconf 87' lang='lat' dir='ltr'><strong>quaesunt</strong></span> <span class='ocrx_word' id='word_1_254' title='bbox 603 3719 702 3786; x_wconf 87' lang='lat' dir='ltr'><strong>etiam</strong></span> <span class='ocrx_word' id='word_1_255' title='bbox 720 3719 874 3806; x_wconf 85' lang='lat' dir='ltr'><strong>gratiora.</strong></span> <span class='ocrx_word' id='word_1_256' title='bbox 918 3718 1039 3784; x_wconf 86' lang='lat' dir='ltr'><strong>Danda</strong></span> <span class='ocrx_word' id='word_1_257' title='bbox 1056 3739 1155 3803; x_wconf 84' lang='lat' dir='ltr'><strong>opera</strong></span> <span class='ocrx_word' id='word_1_258' title='bbox 1202 3759 1204 3764; x_wconf 67' lang='lat'><strong>,</strong></span> 
     </span>
    </p>
   </div>
   <div class='ocr_carea' id='block_1_3' title="bbox 0 0 1365 4374">
    <p class='ocr_par' dir='ltr' id='par_1_3' title="bbox 0 0 1365 4374">
     <span class='ocr_line' id='line_1_34' title="bbox 0 0 1365 4374; baseline 0 0"><span class='ocrx_word' id='word_1_259' title='bbox 0 0 1365 4374; x_wconf 95' lang='lat' dir='ltr'><strong> </strong></span> 
     </span>
    </p>
   </div>
  </div>
 </body>
</html>
