2710 4374
207 381 268 446 136
596 379 648 430 nn
669 379 822 432 oremus

204 531 238 596 id
255 539 443 618 sequautur,
458 529 548 618 quod
562 529 739 600 honestum
753 551 823 598 esse
839 530 981 616 rideant,
998 553 1040 598 an
1059 553 1095 598 se
1113 513 1209 600 scion?

204 641 254 699 tes
278 633 399 700 scelere
420 633 666 716 contaminent;
688 633 723 698 in
741 633 813 720 ipsa
829 633 919 698 enim
935 634 1146 702 dubitatione
1163 637 1205 700 la-

204 735 298 802 cinus
323 736 419 820 inest,
437 736 566 802 etiamsi
587 736 685 802 adid
706 757 773 802 non
796 738 1018 823 pervenerint.
1063 737 1153 825 Ergo
1173 761 1206 804 ca

165 914 168 922 Α
204 839 415 906 deliberanda
429 835 565 906 omnino
580 860 646 906 non
662 847 749 922 sunt,
764 839 801 904 in
816 840 936 926 quibus
950 848 1000 906 est
1015 842 1126 928 turpis
1143 843 1209 929 ipsa

204 943 408 1010 deliberatio.
1224 967 1237 1006 s

248 1046 363 1132 Atque
381 1046 480 1112 etiam
495 1067 537 1111 ex
552 1045 645 1112 omni
662 1044 899 1112 deliberatione
914 1033 1043 1111 celandi
1058 1053 1095 1110 et
1110 1046 1211 1112 occul-

205 1147 297 1212 tandi
318 1169 393 1234 spes
409 1148 587 1235 opinioque
613 1148 813 1214 removenda
830 1155 889 1213 est.
933 1147 1020 1213 Satis
1042 1149 1138 1213 enim
1160 1170 1213 1214 no

204 1250 264 1332 bis,
280 1251 308 1316 si
324 1251 422 1316 ruodo
437 1252 471 1316 in
488 1249 696 1339 philosophia
710 1250 837 1338 aliquid
852 1250 1066 1338 proiecimus,
1084 1272 1211 1338 persua-

204 1375 278 1420 sum
295 1375 366 1420 esse
379 1354 488 1436 debet,
504 1355 532 1420 si
549 1376 663 1420 omnes
680 1355 759 1420 deos
781 1353 996 1440 hominesque
1018 1353 1127 1420 celare
1145 1377 1211 1442 pos·

204 1457 316 1541 simus,
329 1456 413 1522 nihil
429 1465 539 1523 tamen
557 1479 665 1540 avare,
677 1456 761 1522 nihil
775 1457 908 1540 iniuste,
920 1456 1004 1521 nihil
1022 1456 1239 1539 libidinosam

166 1527 290 1624 9ιιίΙιίΙ
305 1559 547 1626 incontinenter
569 1581 639 1626 esso
660 1559 860 1626 faciendum.
905 1558 997 1625 Hinc
1018 1559 1078 1625 ille
1101 1559 1212 1646 Gyges

158 1621 196 1673 ³⁸
206 1663 375 1729 inducitur
388 1681 407 1727 a
421 1659 572 1744 Platone,
587 1662 656 1750 qui,
673 1683 748 1728 cum
764 1669 851 1728 terra
868 1662 1068 1728 discessisset
1084 1663 1211 1749 magnis

205 1765 402 1852 quibusdam
420 1765 591 1848 imbribus,
610 1765 780 1831 descendit
801 1765 836 1830 in
860 1765 956 1830 illurn
974 1764 1104 1830 hiatum
1123 1773 1210 1830 adue-

205 1891 329 1956 umqne
350 1889 484 1955 equum,
499 1877 538 1934 nt
560 1868 674 1934 ferunt
696 1867 838 1950 fabulae,
857 1868 1103 1950 animadvertit,
1122 1869 1211 1934 cuius

205 1972 239 2035 in
252 1971 408 2037 lateribus
422 1969 511 2037 fores
525 1978 651 2054 essent3
666 1971 786 2057 quibus
800 1971 921 2058 apertis
936 1991 1054 2057 eorpus
1068 1970 1243 2036 hominisn-

206 2073 328 2139 mortui
351 2073 437 2138 vidit
460 2073 689 2160 magnitudine
710 2073 878 2140 invisitata
898 2073 1103 2159 anulumque
1124 2095 1211 2138 aure·

205 2197 262 2240 utu
275 2175 308 2239 in
326 2175 452 2262 digito;
466 2197 566 2264 quem
578 2175 779 2259 utdetraxit,
792 2176 862 2264 ipse
876 2176 987 2241 induit
1002 2175 1086 2261 (erat
1102 2185 1209 2241 autem

205 2279 315 2365 regius
333 2279 466 2365 pastor),
483 2289 555 2344 tum
577 2279 612 2344 in
635 2277 812 2345 concilium
834 2300 869 2347 se
886 2287 1057 2365 pastorum
1074 2279 1209 2366 recepit.

166 2391 170 2424 ⁵
205 2380 259 2447 Ibi
285 2399 361 2446 omn
384 2380 494 2468 palam-
517 2382 588 2446 eius
611 2381 702 2446 anuli
723 2381 766 2446 ad
789 2381 933 2468 palmam
954 2390 1210 2464 converterat‚a

205 2484 299 2550 nullo
314 2484 497 2567 videbatur,
513 2484 583 2571 ipse
605 2492 717 2550 antem
734 2485 846 2550 ornnia
864 2485 997 2550 videbat
1007 2505 1017 2566 ;
1039 2485 1130 2549 idem
1144 2506 1238 2549 rur-ao

205 2611 259 2655 sus
272 2589 454 2670 videbatur,
467 2609 542 2653 cnm
554 2587 588 2651 in
601 2586 712 2652 locum
723 2587 860 2652 anulum
872 2587 1064 2652 inverterat.
1094 2585 1212 2673 Itaque

204 2694 266 2759 hac
291 2691 516 2780 oportunitate
540 2689 632 2754 anuli
656 2711 734 2754 usus
760 2690 893 2776 reginae
919 2697 1072 2776 stuprum
1097 2690 1217 2755 intulit

204 2817 308 2883 eaque
336 2794 496 2861 adiutrice
521 2814 636 2880 regem·
660 2792 833 2858 dominnm
863 2792 1042 2874 interemit,
1068 2793 1208 2874 sustulit,

204 2919 288 2983 quos
309 2899 438 2964 obstare
459 2895 687 2978 arbitrabatur,
706 2916 768 2960 nec
789 2895 825 2959 in
842 2895 895 2960 his
916 2916 994 2960 cum
1010 2894 1209 2961 facinoribus

205 3000 378 3084 quisquam
396 2999 505 3084 potuit
525 2998 646 3064 vidore.
692 2997 746 3063 Sic
771 3005 906 3084 repente
933 2997 1026 3062 anuli
1050 2997 1236 3088 beneficiosa

206 3121 263 3164 rex
278 3109 411 3164 exortus
428 3107 479 3165 est
494 3099 627 3187 Lydiae.
673 3099 775 3166 Hunc
789 3089 893 3186 igitur
907 3100 1015 3186 ipsum
1031 3100 1168 3192 anulum
1183 3100 1213 3164 si-

204 3202 324 3267 lrabeat
349 3202 487 3288 sapiens,
511 3203 616 3269 nihilo
642 3203 716 3289 plns
743 3203 805 3268 sibi
827 3202 925 3268 licere
947 3211 1043 3288 putet
1065 3223 1205 3289 peccare,

205 3303 351 3392 quamsi
375 3325 446 3368 non·
460 3304 614 3388 haberet3
640 3307 776 3372 honesta
798 3305 888 3369 euim
912 3305 1007 3370 bonis
1030 3306 1205 3388 vi1·is,non

157 3406 332 3480 seocculta
353 3415 566 3492 quaeruntur.
611 3409 727 3493 Atque
748 3407 812 3474 hoc
833 3407 906 3474 loco
928 3407 1119 3498 philosophi
1142 3407 1206 3494 qni-

176 3563 179 3569 .
204 3512 291 3593 dam,
308 3509 445 3596 minime
461 3509 539 3574 mali
556 3510 605 3574 illi
623 3511 769 3596 quidem,
785 3509 841 3576 sed
860 3531 927 3576 nou
946 3511 1023 3575 satis
1041 3511 1138 3594 acuti,
1157 3510 1233 3597 lio-ao

205 3624 272 3680 tam
291 3620 327 3678 et
342 3611 605 3678 commenticiam
623 3611 771 3677 fabulam
789 3601 952 3698 prolatam
969 3613 1085 3678 dicnut
1102 3633 1122 3678 a
1138 3611 1205 3678 Pla-

205 3725 302 3798 tone;
331 3713 520 3800 quasivero
545 3705 602 3776 ille
618 3720 675 3780 aut
690 3701 816 3778 factum
835 3713 870 3778 id
891 3735 962 3780 esse
982 3722 1039 3780 aut
1063 3713 1134 3780 fieri
1155 3735 1204 3801 po-
