2710 4374
204 363 268 427 102
595 355 647 408 nu
668 355 824 408 omens
942 355 947 360 ·

202 531 274 578 sam
294 508 417 576 attulit.
462 507 573 586 Quare
594 513 639 590 ct,
662 507 689 572 si
712 505 901 594 postulatur
921 527 942 573 a
962 509 1098 596 populo,
1115 509 1208 583 bonis

203 613 285 680 viris
312 612 341 679 si
366 633 432 679 non
457 609 728 693 desiderantibus,
755 617 791 675 at
815 617 927 676 tamen
953 611 1210 698 adprobantibus

203 714 398 783 faciundum
413 721 473 796 est,
488 712 588 780 modo
602 733 664 800 pro
679 711 904 796 facultatibus,
920 733 981 778 nos
998 713 1064 800 ipsi
1082 720 1121 779 nt
1137 714 1211 780 feei·

204 839 288 903 mua,
303 825 349 902 et,
360 817 389 883 si
403 815 537 903 qnando
551 815 663 902 aliqua
680 836 731 882 res
746 816 851 880 maior
866 823 967 902 atque
981 815 1099 881 utilior
1114 838 1212 904 popu-

204 921 265 987 lari
287 919 463 1008 largitione
485 917 680 1006 adquiritur,
698 924 738 983 ut
756 916 867 984 Oresti
888 939 997 1004 nuper
1017 920 1158 1006 prandia
1178 921 1241 984 int

205 1023 331 1090 serrritis
348 1023 506 1089 decumae
524 1021 660 1087 nomine
681 1042 803 1108 magno
824 1021 943 1087 honori
964 1021 1116 1088 fuerunt.
1159 1021 1213 1089 Ne

204 1125 253 1192 M.
268 1125 404 1212 quidem
419 1124 497 1192 Seio
514 1124 598 1190 vitio
615 1123 731 1190 datum
753 1130 813 1207 est,
830 1123 920 1210 qnod
937 1125 973 1188 in
991 1125 1131 1190 caritate
1147 1147 1213 1200 asse

205 1227 354 1294 modium
376 1226 501 1316 populo
522 1226 634 1308 dedit;
656 1247 777 1314 magna
798 1227 887 1292 enim
911 1247 946 1293 se
970 1235 1005 1292 et
1031 1227 1214 1294 inveterata

204 1329 332 1396 invidia
353 1351 413 1396 nec
432 1329 522 1417 turpi
539 1329 673 1412 iactura,
689 1329 822 1416 qnando
840 1336 910 1394 erat
927 1329 1053 1414 aedilis,
1069 1351 1133 1397 nec
1150 1353 1215 1396 ma·

204 1432 294 1499 xima
312 1432 474 1499 liberavit.
520 1431 585 1498 Sed
609 1431 727 1498 honori
745 1452 876 1498 summo
897 1453 1004 1520 nuper
1022 1441 1137 1499 nostro
1154 1433 1242 1499 Min

204 1535 273 1602 loni
296 1535 373 1618 fuit,
391 1535 450 1622 qui
467 1534 704 1621 gladiatoribus
721 1535 842 1621 emptis
862 1535 911 1600 rei
934 1535 1088 1622 publicae
1111 1558 1212 1620 canen,

204 1660 290 1726 quas
310 1638 416 1705 salute
434 1647 547 1704 nostra
563 1638 803 1720 continebatur,
819 1659 934 1704 omnes
951 1637 991 1704 P.
1008 1637 1107 1704 Clodi
1123 1661 1213 1706 cona-

205 1750 259 1808 tus
286 1742 482 1828 furoresque
513 1741 715 1827 compressit.
763 1739 869 1806 Causa
897 1741 1002 1827 igitur
1029 1741 1212 1829 largitionis

158 1856 196 1910 59
205 1852 264 1928 est,
287 1845 314 1910 si
340 1855 399 1912 ant
423 1865 553 1910 necesse
573 1851 703 1910 estant
724 1843 817 1909 ntilc.
860 1842 902 1908 In
925 1843 1110 1910 bisantem
1134 1845 1211 1932 ipsis

204 1947 439 2014 mediocritatis
456 1947 570 2034 regula
584 1947 710 2034 optima
725 1953 784 2012 est.
829 1945 866 2010 L.
883 1947 1017 2033 quidem
1034 1945 1237 2035 Philippnsra

206 2049 247 2127 Q.
262 2048 300 2132 f,
316 2071 437 2136 magno
455 2051 508 2115 vir
529 2049 664 2137 ingenio
685 2050 720 2114 in
743 2047 926 2136 primisque
948 2048 1208 2137 elartrs,gl01·ia1i

205 2151 331 2218 solebat
345 2173 380 2217 se
397 2153 468 2218 sine
485 2152 555 2219 nllo
572 2173 711 2218 munere
727 2152 885 2238 adeptum
904 2173 973 2218 esse
990 2154 1112 2236 omnia,
1128 2175 1209 2240 qnae

205 2254 404 2320 haberentur
428 2254 638 2342 amplissima.
683 2251 825 2320 Dicebat
850 2253 939 2319 idem
966 2254 1074 2338 Cotta,
1099 2255 1207 2322 Curio.

204 2355 313 2424 Nobis
341 2377 474 2444 quoqne
502 2357 581 2424 licet
610 2359 646 2422 in
674 2356 738 2424 hoc
763 2356 907 2444 quodam
933 2358 1032 2424 modo
1057 2359 1206 2445 gloriari3

204 2480 282 2525 nam
297 2481 357 2547 pro
372 2459 591 2547 amplitudine
608 2459 783 2542 honorum,
803 2479 886 2547 qnos
903 2461 1030 2527 cunctis
1048 2462 1236 2550 suffragiisn

205 2562 316 2652 adepti
328 2585 441 2630 snmus
456 2571 568 2630 nostro
579 2563 715 2650 quidem
731 2584 828 2645 anno,
840 2563 929 2650 quod
941 2566 1083 2653 contigit
1098 2589 1206 2633 eorum

205 2669 341 2764 nemini,
364 2689 447 2756 quos
472 2667 571 2732 modo
594 2666 774 2748 nominavi,
797 2687 875 2732 sanc
896 2667 1038 2755 exiguus
1061 2679 1208 2758 sumptus

158 2785 197 2839 60
206 2771 381 2838 aedilitatis
398 2769 476 2836 fuit.
520 2769 635 2856 Atque
653 2771 755 2836 etiam
772 2767 847 2835 illae
865 2769 1033 2858 impensae
1051 2773 1206 2856 meliores,

206 2874 305 2956 muri,
321 2873 459 2956 navalia,
475 2879 600 2960 portus,
616 2893 775 2959 aquarum
793 2870 914 2938 duetus
928 2874 1114 2961 omniaque,
1131 2897 1207 2962 quae

205 2974 248 3040 ad
273 2996 369 3040 usum
395 2976 443 3040 rei
471 2975 623 3062 publicae
651 2975 831 3062 pertinent.
877 2974 1097 3062 Quamquam,
1125 2978 1233 3064 quoda

205 3097 357 3163 praesens
374 3084 541 3164 tamqnam
557 3077 592 3142 in
610 3099 746 3143 manum
762 3077 869 3160 datur,
885 3077 1061 3144 iucundius
1076 3087 1147 3162 est3
1168 3088 1207 3145 ta-

206 3200 283 3244 men
309 3177 389 3245 hacc
416 3178 452 3243 in
481 3187 650 3267 posterum
679 3181 833 3268 gratiora.
878 3178 1029 3262 Theatra,
1055 3183 1205 3268 porticus,

207 3302 292 3348 nova
309 3281 434 3369 templa
452 3283 670 3349 verecundius
687 3281 892 3370 reprehendo
907 3293 1044 3370 propter
1060 3284 1207 3373 Pompei·

206 3405 274 3467 um,
290 3384 348 3450 sed
365 3383 545 3450 doctissimi
563 3407 629 3452 non
649 3386 801 3472 probant,
819 3392 857 3449 nt
875 3385 981 3451 ethic
1002 3386 1074 3473 ipse
1091 3387 1207 3454 Panae

206 3487 281 3570 tius,
294 3509 392 3574 qnam
409 3487 552 3554 multum
567 3489 603 3553 in
619 3487 670 3554 his
684 3488 779 3555 libris
792 3496 922 3554 secutus
938 3509 1021 3572 snm,
1033 3511 1100 3556 non
1116 3491 1232 3556 inter-c

206 3597 362 3678 pretatns,
378 3597 412 3656 et
434 3589 615 3658 Phalereus
636 3591 841 3672 Demetrius,
857 3591 916 3677 qni
933 3589 1108 3676 Periclem,
1127 3595 1207 3682 prin·

206 3694 313 3782 cipem
336 3693 503 3778 Graeciae,
523 3695 700 3781 vituperat,
718 3687 957 3781 quod'tantam
979 3697 1155 3782 pecuniam
1176 3698 1205 3761 in
