<?xml version="1.0" encoding="UTF-8"?>
<!DOCTYPE html PUBLIC "-//W3C//DTD XHTML 1.0 Transitional//EN"
    "http://www.w3.org/TR/xhtml1/DTD/xhtml1-transitional.dtd">
<html xmlns="http://www.w3.org/1999/xhtml" xml:lang="en" lang="en">
 <head>
  <title>
</title>
<meta http-equiv="Content-Type" content="text/html;charset=utf-8" />
  <meta name='ocr-system' content='tesseract 3.04.00' />
  <meta name='ocr-capabilities' content='ocr_page ocr_carea ocr_par ocr_line ocrx_word'/>
</head>
<body>
  <div class='ocr_page' id='page_1' title='image "./mtulliiciceroni00sticgoog_0044.png"; bbox 0 0 2734 4362; ppageno 0'>
   <div class='ocr_carea' id='block_1_1' title="bbox 219 377 835 446">
    <p class='ocr_par' dir='ltr' id='par_1_1' title="bbox 219 377 835 446">
     <span class='ocr_line' id='line_1_1' title="bbox 219 377 835 446; baseline -0.002 -15"><span class='ocrx_word' id='word_1_1' title='bbox 219 383 261 446; x_wconf 87' lang='lat'>14</span> <span class='ocrx_word' id='word_1_2' title='bbox 609 378 660 430; x_wconf 84' lang='lat' dir='ltr'>ou</span> <span class='ocrx_word' id='word_1_3' title='bbox 682 377 835 430; x_wconf 76' lang='lat' dir='ltr'>oumcus</span> 
     </span>
    </p>
   </div>
   <div class='ocr_carea' id='block_1_2' title="bbox 218 525 1224 616">
    <p class='ocr_par' dir='ltr' id='par_1_2' title="bbox 218 525 1224 616">
     <span class='ocr_line' id='line_1_2' title="bbox 218 525 1224 616; baseline 0.002 -24"><span class='ocrx_word' id='word_1_4' title='bbox 218 527 334 595; x_wconf 82' lang='lat' dir='ltr'>futura</span> <span class='ocrx_word' id='word_1_5' title='bbox 348 533 406 609; x_wconf 92' lang='lat' dir='ltr'>est,</span> <span class='ocrx_word' id='word_1_6' title='bbox 422 533 499 594; x_wconf 86' lang='lat' dir='ltr'>ante</span> <span class='ocrx_word' id='word_1_7' title='bbox 513 525 661 610; x_wconf 87' lang='lat' dir='ltr'>definire,</span> <span class='ocrx_word' id='word_1_8' title='bbox 678 528 759 614; x_wconf 91' lang='lat' dir='ltr'>quid</span> <span class='ocrx_word' id='word_1_9' title='bbox 773 528 816 593; x_wconf 87' lang='lat' dir='ltr'>sit</span> <span class='ocrx_word' id='word_1_10' title='bbox 834 528 995 612; x_wconf 79' lang='lat' dir='ltr'>ofiieinnr3</span> <span class='ocrx_word' id='word_1_11' title='bbox 1019 529 1109 616; x_wconf 90' lang='lat' dir='ltr'>quod</span> <span class='ocrx_word' id='word_1_12' title='bbox 1125 551 1144 594; x_wconf 87' lang='lat' dir='ltr'>a</span> <span class='ocrx_word' id='word_1_13' title='bbox 1161 529 1224 596; x_wconf 85' lang='lat' dir='ltr'>Pa-</span> 
     </span>
    </p>
   </div>
   <div class='ocr_carea' id='block_1_3' title="bbox 186 629 1346 1026">
    <p class='ocr_par' dir='ltr' id='par_1_3' title="bbox 186 629 1346 1026">
     <span class='ocr_line' id='line_1_3' title="bbox 219 629 1223 718; baseline 0.003 -23"><span class='ocrx_word' id='word_1_14' title='bbox 219 631 328 697; x_wconf 90' lang='lat' dir='ltr'>naetio</span> <span class='ocrx_word' id='word_1_15' title='bbox 349 629 615 717; x_wconf 87' lang='lat' dir='ltr'>praetermissum</span> <span class='ocrx_word' id='word_1_16' title='bbox 634 651 704 696; x_wconf 87' lang='lat' dir='ltr'>esse</span> <span class='ocrx_word' id='word_1_17' title='bbox 718 630 829 697; x_wconf 89' lang='lat' dir='ltr'>miror.</span> <span class='ocrx_word' id='word_1_18' title='bbox 875 629 993 696; x_wconf 90' lang='lat' dir='ltr'>Omnis</span> <span class='ocrx_word' id='word_1_19' title='bbox 1015 632 1115 715; x_wconf 88' lang='lat' dir='ltr'>euim,</span> <span class='ocrx_word' id='word_1_20' title='bbox 1138 654 1223 718; x_wconf 89' lang='lat' dir='ltr'>quae</span> 
     </span>
     <span class='ocr_line' id='line_1_4' title="bbox 219 732 1224 820; baseline 0.003 -22"><span class='ocrx_word' id='word_1_21' title='bbox 219 734 345 800; x_wconf 89' lang='lat' dir='ltr'>ratione</span> <span class='ocrx_word' id='word_1_22' title='bbox 360 733 537 820; x_wconf 84' lang='lat' dir='ltr'>suscipitur</span> <span class='ocrx_word' id='word_1_23' title='bbox 558 733 600 800; x_wconf 91' lang='lat' dir='ltr'>de</span> <span class='ocrx_word' id='word_1_24' title='bbox 622 732 784 820; x_wconf 86' lang='lat' dir='ltr'>aliquare</span> <span class='ocrx_word' id='word_1_25' title='bbox 802 733 978 816; x_wconf 89' lang='lat' dir='ltr'>institutio,</span> <span class='ocrx_word' id='word_1_26' title='bbox 994 733 1093 800; x_wconf 89' lang='lat' dir='ltr'>debet</span> <span class='ocrx_word' id='word_1_27' title='bbox 1111 755 1130 798; x_wconf 86' lang='lat' dir='ltr'>a</span> <span class='ocrx_word' id='word_1_28' title='bbox 1145 734 1224 801; x_wconf 89' lang='lat' dir='ltr'>defi·</span> 
     </span>
     <span class='ocr_line' id='line_1_5' title="bbox 218 825 1346 925; baseline 0.002 -23"><span class='ocrx_word' id='word_1_29' title='bbox 218 836 346 902; x_wconf 92' lang='lat' dir='ltr'>nitione</span> <span class='ocrx_word' id='word_1_30' title='bbox 360 835 532 923; x_wconf 79' lang='lat' dir='ltr'>proficisci,</span> <span class='ocrx_word' id='word_1_31' title='bbox 552 845 590 901; x_wconf 90' lang='lat' dir='ltr'>ut</span> <span class='ocrx_word' id='word_1_32' title='bbox 611 835 832 922; x_wconf 75' lang='lat' dir='ltr'><strong>intellegatur,</strong></span> <span class='ocrx_word' id='word_1_33' title='bbox 855 836 936 922; x_wconf 93' lang='lat' dir='ltr'>quid</span> <span class='ocrx_word' id='word_1_34' title='bbox 958 836 1002 901; x_wconf 85' lang='lat' dir='ltr'>sit</span> <span class='ocrx_word' id='word_1_35' title='bbox 1022 836 1068 918; x_wconf 92' lang='lat' dir='ltr'>id,</span> <span class='ocrx_word' id='word_1_36' title='bbox 1091 836 1133 904; x_wconf 92' lang='lat' dir='ltr'>de</span> <span class='ocrx_word' id='word_1_37' title='bbox 1155 859 1222 925; x_wconf 89' lang='lat' dir='ltr'>quo</span> <span class='ocrx_word' id='word_1_38' title='bbox 1345 825 1346 858; x_wconf 57' lang='lat'>³</span> 
     </span>
     <span class='ocr_line' id='line_1_6' title="bbox 186 937 1346 1026; baseline -0.002 -20"><span class='ocrx_word' id='word_1_39' title='bbox 186 940 414 1026; x_wconf 63' lang='lat' dir='ltr'>adispntetur.</span> <span class='ocrx_word' id='word_1_40' title='bbox 446 939 564 1005; x_wconf 91' lang='lat' dir='ltr'>Omnis</span> <span class='ocrx_word' id='word_1_41' title='bbox 573 939 614 1004; x_wconf 90' lang='lat' dir='ltr'>de</span> <span class='ocrx_word' id='word_1_42' title='bbox 626 937 733 1004; x_wconf 86' lang='lat' dir='ltr'>officio</span> <span class='ocrx_word' id='word_1_43' title='bbox 744 938 867 1025; x_wconf 88' lang='lat' dir='ltr'>duplex</span> <span class='ocrx_word' id='word_1_44' title='bbox 879 947 929 1004; x_wconf 86' lang='lat' dir='ltr'>est</span> <span class='ocrx_word' id='word_1_45' title='bbox 940 939 1103 1025; x_wconf 87' lang='lat' dir='ltr'>quaestio:</span> <span class='ocrx_word' id='word_1_46' title='bbox 1116 961 1221 1006; x_wconf 89' lang='lat' dir='ltr'>unum</span> <span class='ocrx_word' id='word_1_47' title='bbox 1243 964 1259 1004; x_wconf 85' lang='lat' dir='ltr'>s</span> <span class='ocrx_word' id='word_1_48' title='bbox 1345 953 1346 980; x_wconf 61' lang='lat'><em>⁴</em></span> 
     </span>
    </p>
   </div>
   <div class='ocr_carea' id='block_1_4' title="bbox 94 1041 1221 1130">
    <p class='ocr_par' dir='ltr' id='par_1_4' title="bbox 94 1041 1221 1130">
     <span class='ocr_line' id='line_1_7' title="bbox 94 1041 1221 1130; baseline -0.002 -20"><span class='ocrx_word' id='word_1_49' title='bbox 94 1067 99 1074; x_wconf 93' lang='lat'>·</span> <span class='ocrx_word' id='word_1_50' title='bbox 218 1063 323 1130; x_wconf 86' lang='lat' dir='ltr'>genus</span> <span class='ocrx_word' id='word_1_51' title='bbox 341 1049 400 1124; x_wconf 88' lang='lat' dir='ltr'>est,</span> <span class='ocrx_word' id='word_1_52' title='bbox 418 1041 508 1128; x_wconf 91' lang='lat' dir='ltr'>quod</span> <span class='ocrx_word' id='word_1_53' title='bbox 530 1042 674 1128; x_wconf 83' lang='lat' dir='ltr'>pertinet</span> <span class='ocrx_word' id='word_1_54' title='bbox 695 1041 738 1107; x_wconf 89' lang='lat' dir='ltr'>ad</span> <span class='ocrx_word' id='word_1_55' title='bbox 759 1041 860 1107; x_wconf 88' lang='lat' dir='ltr'>finem</span> <span class='ocrx_word' id='word_1_56' title='bbox 882 1041 1054 1124; x_wconf 89' lang='lat' dir='ltr'>bonorum,</span> <span class='ocrx_word' id='word_1_57' title='bbox 1070 1042 1221 1126; x_wconf 77' lang='lat' dir='ltr'>alterum,</span> 
     </span>
    </p>
   </div>
   <div class='ocr_carea' id='block_1_5' title="bbox 191 1143 1343 3798">
    <p class='ocr_par' dir='ltr' id='par_1_5' title="bbox 191 1143 1343 3798">
     <span class='ocr_line' id='line_1_8' title="bbox 218 1143 1222 1234; baseline -0.001 -22"><span class='ocrx_word' id='word_1_58' title='bbox 218 1145 308 1234; x_wconf 92' lang='lat' dir='ltr'>quod</span> <span class='ocrx_word' id='word_1_59' title='bbox 323 1145 469 1231; x_wconf 84' lang='lat' dir='ltr'>positum</span> <span class='ocrx_word' id='word_1_60' title='bbox 485 1153 534 1209; x_wconf 88' lang='lat' dir='ltr'>est</span> <span class='ocrx_word' id='word_1_61' title='bbox 548 1144 582 1208; x_wconf 93' lang='lat' dir='ltr'>in</span> <span class='ocrx_word' id='word_1_62' title='bbox 599 1143 790 1230; x_wconf 80' lang='lat' dir='ltr'>praeceptis,</span> <span class='ocrx_word' id='word_1_63' title='bbox 806 1143 926 1230; x_wconf 91' lang='lat' dir='ltr'>quibus</span> <span class='ocrx_word' id='word_1_64' title='bbox 941 1144 976 1208; x_wconf 90' lang='lat' dir='ltr'>in</span> <span class='ocrx_word' id='word_1_65' title='bbox 994 1144 1102 1210; x_wconf 91' lang='lat' dir='ltr'>omnis</span> <span class='ocrx_word' id='word_1_66' title='bbox 1119 1147 1222 1232; x_wconf 85' lang='lat' dir='ltr'>partis</span> 
     </span>
     <span class='ocr_line' id='line_1_9' title="bbox 219 1245 1221 1332; baseline 0 -19"><span class='ocrx_word' id='word_1_67' title='bbox 219 1269 297 1313; x_wconf 84' lang='lat' dir='ltr'>nsua</span> <span class='ocrx_word' id='word_1_68' title='bbox 313 1247 400 1312; x_wconf 85' lang='lat' dir='ltr'>vitae</span> <span class='ocrx_word' id='word_1_69' title='bbox 414 1245 614 1312; x_wconf 81' lang='lat' dir='ltr'>conformari</span> <span class='ocrx_word' id='word_1_70' title='bbox 629 1246 741 1332; x_wconf 90' lang='lat' dir='ltr'>possit.</span> <span class='ocrx_word' id='word_1_71' title='bbox 780 1245 965 1332; x_wconf 81' lang='lat' dir='ltr'>Superioris</span> <span class='ocrx_word' id='word_1_72' title='bbox 978 1247 1108 1332; x_wconf 85' lang='lat' dir='ltr'>generis</span> <span class='ocrx_word' id='word_1_73' title='bbox 1122 1245 1221 1313; x_wconf 87' lang='lat' dir='ltr'>huius</span> 
     </span>
     <span class='ocr_line' id='line_1_10' title="bbox 220 1348 1220 1436; baseline -0.002 -20"><span class='ocrx_word' id='word_1_74' title='bbox 220 1350 309 1417; x_wconf 86' lang='lat' dir='ltr'>urodi</span> <span class='ocrx_word' id='word_1_75' title='bbox 325 1357 402 1416; x_wconf 86' lang='lat' dir='ltr'>sunt</span> <span class='ocrx_word' id='word_1_76' title='bbox 417 1348 585 1435; x_wconf 85' lang='lat' dir='ltr'>exempla:</span> <span class='ocrx_word' id='word_1_77' title='bbox 601 1349 754 1414; x_wconf 86' lang='lat' dir='ltr'>omniane</span> <span class='ocrx_word' id='word_1_78' title='bbox 766 1348 872 1415; x_wconf 84' lang='lat' dir='ltr'>officia</span> <span class='ocrx_word' id='word_1_79' title='bbox 886 1348 1033 1436; x_wconf 86' lang='lat' dir='ltr'>perfecta</span> <span class='ocrx_word' id='word_1_80' title='bbox 1047 1349 1123 1432; x_wconf 88' lang='lat' dir='ltr'>siut,</span> <span class='ocrx_word' id='word_1_81' title='bbox 1139 1371 1220 1414; x_wconf 90' lang='lat' dir='ltr'>num</span> 
     </span>
     <span class='ocr_line' id='line_1_11' title="bbox 219 1451 1255 1541; baseline -0.008 -21"><span class='ocrx_word' id='word_1_82' title='bbox 219 1452 308 1541; x_wconf 92' lang='lat' dir='ltr'>quod</span> <span class='ocrx_word' id='word_1_83' title='bbox 324 1452 467 1520; x_wconf 85' lang='lat' dir='ltr'>officium</span> <span class='ocrx_word' id='word_1_84' title='bbox 482 1451 571 1518; x_wconf 89' lang='lat' dir='ltr'>alind</span> <span class='ocrx_word' id='word_1_85' title='bbox 586 1451 651 1517; x_wconf 88' lang='lat' dir='ltr'>alio</span> <span class='ocrx_word' id='word_1_86' title='bbox 667 1451 772 1516; x_wconf 79' lang='lat' dir='ltr'>ninius</span> <span class='ocrx_word' id='word_1_87' title='bbox 786 1452 838 1533; x_wconf 87' lang='lat' dir='ltr'>sit,</span> <span class='ocrx_word' id='word_1_88' title='bbox 851 1459 885 1516; x_wconf 91' lang='lat' dir='ltr'>et</span> <span class='ocrx_word' id='word_1_89' title='bbox 899 1472 984 1538; x_wconf 83' lang='lat' dir='ltr'>quae</span> <span class='ocrx_word' id='word_1_90' title='bbox 999 1460 1075 1516; x_wconf 88' lang='lat' dir='ltr'>sunt</span> <span class='ocrx_word' id='word_1_91' title='bbox 1090 1455 1255 1540; x_wconf 79' lang='lat' dir='ltr'>generiem</span> 
     </span>
     <span class='ocr_line' id='line_1_12' title="bbox 219 1553 1221 1640; baseline -0.004 -16"><span class='ocrx_word' id='word_1_92' title='bbox 219 1556 375 1624; x_wconf 88' lang='lat' dir='ltr'>eiusdem.</span> <span class='ocrx_word' id='word_1_93' title='bbox 420 1555 572 1634; x_wconf 84' lang='lat' dir='ltr'>Quorum</span> <span class='ocrx_word' id='word_1_94' title='bbox 583 1562 693 1620; x_wconf 86' lang='lat' dir='ltr'>autern</span> <span class='ocrx_word' id='word_1_95' title='bbox 706 1553 888 1620; x_wconf 79' lang='lat' dir='ltr'>officior-um</span> <span class='ocrx_word' id='word_1_96' title='bbox 903 1563 1077 1640; x_wconf 79' lang='lat' dir='ltr'>praecepta</span> <span class='ocrx_word' id='word_1_97' title='bbox 1087 1555 1221 1620; x_wconf 86' lang='lat' dir='ltr'>tradun-</span> 
     </span>
     <span class='ocr_line' id='line_1_13' title="bbox 219 1655 1220 1744; baseline -0.003 -18"><span class='ocrx_word' id='word_1_98' title='bbox 219 1670 283 1743; x_wconf 88' lang='lat' dir='ltr'><strong>tur,</strong></span> <span class='ocrx_word' id='word_1_99' title='bbox 295 1680 333 1725; x_wconf 86' lang='lat' dir='ltr'>ea</span> <span class='ocrx_word' id='word_1_100' title='bbox 348 1679 548 1744; x_wconf 87' lang='lat' dir='ltr'>quamquam</span> <span class='ocrx_word' id='word_1_101' title='bbox 567 1657 735 1744; x_wconf 88' lang='lat' dir='ltr'>pertinent</span> <span class='ocrx_word' id='word_1_102' title='bbox 750 1655 792 1722; x_wconf 87' lang='lat' dir='ltr'>ad</span> <span class='ocrx_word' id='word_1_103' title='bbox 807 1655 908 1721; x_wconf 88' lang='lat' dir='ltr'>finem</span> <span class='ocrx_word' id='word_1_104' title='bbox 924 1655 1097 1739; x_wconf 88' lang='lat' dir='ltr'>bonorum,</span> <span class='ocrx_word' id='word_1_105' title='bbox 1108 1664 1220 1724; x_wconf 89' lang='lat' dir='ltr'>tamen</span> 
     </span>
     <span class='ocr_line' id='line_1_14' title="bbox 218 1758 1221 1846; baseline -0.002 -17"><span class='ocrx_word' id='word_1_106' title='bbox 218 1761 371 1828; x_wconf 88' lang='lat' dir='ltr'>minusid</span> <span class='ocrx_word' id='word_1_107' title='bbox 382 1767 525 1846; x_wconf 85' lang='lat' dir='ltr'>apparet,</span> <span class='ocrx_word' id='word_1_108' title='bbox 535 1759 612 1844; x_wconf 82' lang='lat' dir='ltr'>quia</span> <span class='ocrx_word' id='word_1_109' title='bbox 622 1758 1028 1846; x_wconf 80' lang='lat' dir='ltr'>nragisadiustitntionem</span> <span class='ocrx_word' id='word_1_110' title='bbox 1039 1759 1221 1827; x_wconf 86' lang='lat' dir='ltr'>vitaeoom-</span> 
     </span>
     <span class='ocr_line' id='line_1_15' title="bbox 217 1859 1221 1948; baseline -0.002 -18"><span class='ocrx_word' id='word_1_111' title='bbox 217 1864 329 1930; x_wconf 89' lang='lat' dir='ltr'>munis</span> <span class='ocrx_word' id='word_1_112' title='bbox 343 1869 491 1948; x_wconf 76' lang='lat' dir='ltr'>spectare</span> <span class='ocrx_word' id='word_1_113' title='bbox 507 1860 662 1926; x_wconf 87' lang='lat' dir='ltr'>ridentur</span> <span class='ocrx_word' id='word_1_114' title='bbox 671 1881 680 1943; x_wconf 85' lang='lat'>3</span> <span class='ocrx_word' id='word_1_115' title='bbox 696 1861 873 1947; x_wconf 81' lang='lat' dir='ltr'>dequibus</span> <span class='ocrx_word' id='word_1_116' title='bbox 887 1868 936 1926; x_wconf 87' lang='lat' dir='ltr'>est</span> <span class='ocrx_word' id='word_1_117' title='bbox 953 1861 1048 1927; x_wconf 86' lang='lat' dir='ltr'>nobie</span> <span class='ocrx_word' id='word_1_118' title='bbox 1063 1859 1114 1926; x_wconf 91' lang='lat' dir='ltr'>his</span> <span class='ocrx_word' id='word_1_119' title='bbox 1128 1861 1221 1929; x_wconf 84' lang='lat' dir='ltr'>libris</span> 
     </span>
     <span class='ocr_line' id='line_1_16' title="bbox 191 1963 1254 2058; baseline -0.002 -25"><span class='ocrx_word' id='word_1_120' title='bbox 191 1964 460 2058; x_wconf 82' lang='lat' dir='ltr'>8explioandum.</span> <span class='ocrx_word' id='word_1_121' title='bbox 492 1965 607 2051; x_wconf 87' lang='lat' dir='ltr'>Atque</span> <span class='ocrx_word' id='word_1_122' title='bbox 618 1965 717 2030; x_wconf 88' lang='lat' dir='ltr'>etiam</span> <span class='ocrx_word' id='word_1_123' title='bbox 728 1964 792 2030; x_wconf 85' lang='lat' dir='ltr'>alia</span> <span class='ocrx_word' id='word_1_124' title='bbox 803 1965 922 2030; x_wconf 88' lang='lat' dir='ltr'>divisio</span> <span class='ocrx_word' id='word_1_125' title='bbox 933 1973 983 2030; x_wconf 88' lang='lat' dir='ltr'>est</span> <span class='ocrx_word' id='word_1_126' title='bbox 994 1963 1101 2032; x_wconf 92' lang='lat' dir='ltr'>offieii.</span> <span class='ocrx_word' id='word_1_127' title='bbox 1130 1964 1254 2031; x_wconf 81' lang='lat' dir='ltr'>Namn</span> 
     </span>
     <span class='ocr_line' id='line_1_17' title="bbox 218 2066 1219 2155; baseline -0.003 -19"><span class='ocrx_word' id='word_1_128' title='bbox 218 2078 253 2136; x_wconf 92' lang='lat' dir='ltr'>et</span> <span class='ocrx_word' id='word_1_129' title='bbox 278 2068 426 2134; x_wconf 89' lang='lat' dir='ltr'>medium</span> <span class='ocrx_word' id='word_1_130' title='bbox 450 2067 617 2154; x_wconf 81' lang='lat' dir='ltr'>quoddam</span> <span class='ocrx_word' id='word_1_131' title='bbox 642 2066 786 2134; x_wconf 78' lang='lat' dir='ltr'>officium</span> <span class='ocrx_word' id='word_1_132' title='bbox 810 2067 933 2134; x_wconf 87' lang='lat' dir='ltr'>dieitur</span> <span class='ocrx_word' id='word_1_133' title='bbox 961 2075 995 2133; x_wconf 93' lang='lat' dir='ltr'>et</span> <span class='ocrx_word' id='word_1_134' title='bbox 1023 2066 1219 2155; x_wconf 83' lang='lat' dir='ltr'>perfeetum.</span> 
     </span>
     <span class='ocr_line' id='line_1_18' title="bbox 218 2171 1219 2260; baseline -0.002 -22"><span class='ocrx_word' id='word_1_135' title='bbox 218 2171 412 2239; x_wconf 85' lang='lat' dir='ltr'>Perfectum</span> <span class='ocrx_word' id='word_1_136' title='bbox 427 2172 569 2260; x_wconf 82' lang='lat' dir='ltr'>officinm</span> <span class='ocrx_word' id='word_1_137' title='bbox 586 2181 724 2257; x_wconf 82' lang='lat' dir='ltr'>rectum,</span> <span class='ocrx_word' id='word_1_138' title='bbox 740 2173 868 2260; x_wconf 90' lang='lat' dir='ltr'>opinor,</span> <span class='ocrx_word' id='word_1_139' title='bbox 884 2193 1047 2254; x_wconf 83' lang='lat' dir='ltr'>vocemus,</span> <span class='ocrx_word' id='word_1_140' title='bbox 1063 2171 1219 2259; x_wconf 82' lang='lat' dir='ltr'>quoniam</span> 
     </span>
     <span class='ocr_line' id='line_1_19' title="bbox 220 2274 1220 2364; baseline 0 -24"><span class='ocrx_word' id='word_1_141' title='bbox 220 2274 338 2341; x_wconf 82' lang='lat' dir='ltr'>Graeci</span> <span class='ocrx_word' id='word_1_142' title='bbox 355 2280 551 2364; x_wconf 64' lang='grc' dir='ltr'>κατόρθωμα,</span> <span class='ocrx_word' id='word_1_143' title='bbox 567 2275 629 2343; x_wconf 88' lang='lat' dir='ltr'>hoe</span> <span class='ocrx_word' id='word_1_144' title='bbox 644 2283 755 2342; x_wconf 85' lang='lat' dir='ltr'>antem</span> <span class='ocrx_word' id='word_1_145' title='bbox 773 2297 949 2342; x_wconf 84' lang='lat' dir='ltr'>commune</span> <span class='ocrx_word' id='word_1_146' title='bbox 967 2275 1110 2341; x_wconf 83' lang='lat' dir='ltr'>officium</span> <span class='ocrx_word' id='word_1_147' title='bbox 1130 2280 1220 2352; x_wconf 64' lang='lat' dir='ltr'>satir</span> 
     </span>
     <span class='ocr_line' id='line_1_20' title="bbox 220 2377 1219 2466; baseline -0.002 -21"><span class='ocrx_word' id='word_1_148' title='bbox 220 2407 276 2445; x_wconf 84' lang='grc' dir='ltr'>κον</span> <span class='ocrx_word' id='word_1_149' title='bbox 299 2387 425 2444; x_wconf 82' lang='lat' dir='ltr'>vocant.</span> <span class='ocrx_word' id='word_1_150' title='bbox 470 2380 586 2466; x_wconf 89' lang='lat' dir='ltr'>Atque</span> <span class='ocrx_word' id='word_1_151' title='bbox 603 2400 641 2444; x_wconf 89' lang='lat' dir='ltr'>ea</span> <span class='ocrx_word' id='word_1_152' title='bbox 658 2379 705 2445; x_wconf 86' lang='lat' dir='ltr'>sie</span> <span class='ocrx_word' id='word_1_153' title='bbox 722 2378 896 2460; x_wconf 87' lang='lat' dir='ltr'>definiunt,</span> <span class='ocrx_word' id='word_1_154' title='bbox 918 2385 966 2461; x_wconf 89' lang='lat' dir='ltr'>ut,</span> <span class='ocrx_word' id='word_1_155' title='bbox 982 2386 1109 2444; x_wconf 83' lang='lat' dir='ltr'>rectum</span> <span class='ocrx_word' id='word_1_156' title='bbox 1131 2377 1219 2464; x_wconf 92' lang='lat' dir='ltr'>quod</span> 
     </span>
     <span class='ocr_line' id='line_1_21' title="bbox 218 2479 1253 2568; baseline -0.001 -24"><span class='ocrx_word' id='word_1_157' title='bbox 218 2480 271 2561; x_wconf 87' lang='lat' dir='ltr'>sit,</span> <span class='ocrx_word' id='word_1_158' title='bbox 283 2479 318 2546; x_wconf 91' lang='lat' dir='ltr'>id</span> <span class='ocrx_word' id='word_1_159' title='bbox 330 2480 471 2547; x_wconf 82' lang='lat' dir='ltr'>officium</span> <span class='ocrx_word' id='word_1_160' title='bbox 485 2482 671 2568; x_wconf 66' lang='lat' dir='ltr'>perfeetum</span> <span class='ocrx_word' id='word_1_161' title='bbox 683 2503 752 2548; x_wconf 86' lang='lat' dir='ltr'>esse</span> <span class='ocrx_word' id='word_1_162' title='bbox 763 2479 923 2547; x_wconf 88' lang='lat' dir='ltr'>definiant</span> <span class='ocrx_word' id='word_1_163' title='bbox 932 2501 941 2562; x_wconf 94' lang='lat'>;</span> <span class='ocrx_word' id='word_1_164' title='bbox 950 2480 1100 2549; x_wconf 89' lang='lat' dir='ltr'>medium</span> <span class='ocrx_word' id='word_1_165' title='bbox 1109 2489 1217 2564; x_wconf 86' lang='lat' dir='ltr'>autern</span> <span class='ocrx_word' id='word_1_166' title='bbox 1227 2502 1253 2542; x_wconf 80' lang='lat' dir='ltr'>ro</span> 
     </span>
     <span class='ocr_line' id='line_1_22' title="bbox 219 2582 1221 2670; baseline -0.001 -22"><span class='ocrx_word' id='word_1_167' title='bbox 219 2582 363 2649; x_wconf 81' lang='lat' dir='ltr'>officium</span> <span class='ocrx_word' id='word_1_168' title='bbox 378 2583 412 2648; x_wconf 92' lang='lat' dir='ltr'>id</span> <span class='ocrx_word' id='word_1_169' title='bbox 427 2606 495 2650; x_wconf 89' lang='lat' dir='ltr'>esse</span> <span class='ocrx_word' id='word_1_170' title='bbox 510 2583 636 2665; x_wconf 85' lang='lat' dir='ltr'>dieunt,</span> <span class='ocrx_word' id='word_1_171' title='bbox 652 2583 741 2670; x_wconf 91' lang='lat' dir='ltr'>quod</span> <span class='ocrx_word' id='word_1_172' title='bbox 760 2605 818 2650; x_wconf 86' lang='lat' dir='ltr'>eur</span> <span class='ocrx_word' id='word_1_173' title='bbox 834 2583 959 2666; x_wconf 80' lang='lat' dir='ltr'>facturn</span> <span class='ocrx_word' id='word_1_174' title='bbox 977 2584 1030 2664; x_wconf 90' lang='lat' dir='ltr'>sit,</span> <span class='ocrx_word' id='word_1_175' title='bbox 1048 2583 1132 2648; x_wconf 86' lang='lat' dir='ltr'>ratio</span> <span class='ocrx_word' id='word_1_176' title='bbox 1149 2603 1221 2669; x_wconf 82' lang='lat' dir='ltr'>pro</span> 
     </span>
     <span class='ocr_line' id='line_1_23' title="bbox 192 2683 1219 2774; baseline 0.001 -28"><span class='ocrx_word' id='word_1_177' title='bbox 192 2685 335 2753; x_wconf 70' lang='lat' dir='ltr'>ababilis</span> <span class='ocrx_word' id='word_1_178' title='bbox 360 2687 453 2753; x_wconf 86' lang='lat' dir='ltr'>reddi</span> <span class='ocrx_word' id='word_1_179' title='bbox 476 2688 589 2774; x_wconf 85' lang='lat' dir='ltr'>possit.</span> <span class='ocrx_word' id='word_1_180' title='bbox 635 2686 771 2773; x_wconf 82' lang='lat' dir='ltr'>Triplex</span> <span class='ocrx_word' id='word_1_181' title='bbox 794 2686 897 2771; x_wconf 84' lang='lat' dir='ltr'>igitur</span> <span class='ocrx_word' id='word_1_182' title='bbox 919 2692 978 2767; x_wconf 89' lang='lat' dir='ltr'>est,</span> <span class='ocrx_word' id='word_1_183' title='bbox 1001 2694 1040 2750; x_wconf 93' lang='lat' dir='ltr'>nt</span> <span class='ocrx_word' id='word_1_184' title='bbox 1062 2683 1219 2769; x_wconf 81' lang='lat' dir='ltr'>Panaetio</span> 
     </span>
     <span class='ocr_line' id='line_1_24' title="bbox 218 2786 1219 2877; baseline -0.001 -25"><span class='ocrx_word' id='word_1_185' title='bbox 218 2789 359 2872; x_wconf 90' lang='lat' dir='ltr'>videtur,</span> <span class='ocrx_word' id='word_1_186' title='bbox 374 2791 502 2857; x_wconf 83' lang='lat' dir='ltr'>consilii</span> <span class='ocrx_word' id='word_1_187' title='bbox 518 2790 668 2877; x_wconf 83' lang='lat' dir='ltr'>capiendi</span> <span class='ocrx_word' id='word_1_188' title='bbox 684 2789 885 2856; x_wconf 84' lang='lat' dir='ltr'>deliberatio.</span> <span class='ocrx_word' id='word_1_189' title='bbox 930 2786 966 2853; x_wconf 90' lang='lat' dir='ltr'>N</span> <span class='ocrx_word' id='word_1_190' title='bbox 967 2809 1020 2853; x_wconf 88' lang='lat' dir='ltr'>am</span> <span class='ocrx_word' id='word_1_191' title='bbox 1035 2796 1092 2853; x_wconf 88' lang='lat' dir='ltr'>aut</span> <span class='ocrx_word' id='word_1_192' title='bbox 1107 2786 1219 2868; x_wconf 80' lang='lat' dir='ltr'>hones·</span> 
     </span>
     <span class='ocr_line' id='line_1_25' title="bbox 218 2889 1219 2978; baseline -0.002 -24"><span class='ocrx_word' id='word_1_193' title='bbox 218 2899 334 2962; x_wconf 88' lang='lat' dir='ltr'>tumne</span> <span class='ocrx_word' id='word_1_194' title='bbox 348 2893 438 2958; x_wconf 80' lang='lat' dir='ltr'>iaetu</span> <span class='ocrx_word' id='word_1_195' title='bbox 454 2894 497 2958; x_wconf 86' lang='lat' dir='ltr'>sit</span> <span class='ocrx_word' id='word_1_196' title='bbox 515 2915 555 2958; x_wconf 88' lang='lat' dir='ltr'>an</span> <span class='ocrx_word' id='word_1_197' title='bbox 572 2901 668 2978; x_wconf 91' lang='lat' dir='ltr'>turpe</span> <span class='ocrx_word' id='word_1_198' title='bbox 684 2892 837 2958; x_wconf 87' lang='lat' dir='ltr'>dubitant</span> <span class='ocrx_word' id='word_1_199' title='bbox 852 2891 897 2973; x_wconf 91' lang='lat' dir='ltr'>id,</span> <span class='ocrx_word' id='word_1_200' title='bbox 910 2891 999 2978; x_wconf 89' lang='lat' dir='ltr'>quod</span> <span class='ocrx_word' id='word_1_201' title='bbox 1015 2891 1049 2956; x_wconf 94' lang='lat' dir='ltr'>in</span> <span class='ocrx_word' id='word_1_202' title='bbox 1065 2889 1219 2956; x_wconf 85' lang='lat' dir='ltr'>delibera·</span> 
     </span>
     <span class='ocr_line' id='line_1_26' title="bbox 218 2993 1251 3080; baseline -0.004 -24"><span class='ocrx_word' id='word_1_203' title='bbox 218 2993 343 3058; x_wconf 88' lang='lat' dir='ltr'>tionem</span> <span class='ocrx_word' id='word_1_204' title='bbox 360 2995 464 3076; x_wconf 84' lang='lat' dir='ltr'>eadit3</span> <span class='ocrx_word' id='word_1_205' title='bbox 486 2995 521 3057; x_wconf 93' lang='lat' dir='ltr'>in</span> <span class='ocrx_word' id='word_1_206' title='bbox 538 3016 603 3079; x_wconf 93' lang='lat' dir='ltr'>quo</span> <span class='ocrx_word' id='word_1_207' title='bbox 618 2994 853 3060; x_wconf 82' lang='lat' dir='ltr'>considerando</span> <span class='ocrx_word' id='word_1_208' title='bbox 868 3016 964 3080; x_wconf 86' lang='lat' dir='ltr'>saepe</span> <span class='ocrx_word' id='word_1_209' title='bbox 973 2994 1081 3059; x_wconf 86' lang='lat' dir='ltr'>&#39;animi</span> <span class='ocrx_word' id='word_1_210' title='bbox 1095 2993 1132 3058; x_wconf 89' lang='lat' dir='ltr'>in</span> <span class='ocrx_word' id='word_1_211' title='bbox 1147 3012 1251 3058; x_wconf 81' lang='lat' dir='ltr'>eon-rs</span> 
     </span>
     <span class='ocr_line' id='line_1_27' title="bbox 218 3096 1218 3162; baseline -0.001 -3"><span class='ocrx_word' id='word_1_212' title='bbox 218 3096 332 3160; x_wconf 84' lang='lat' dir='ltr'>trarias</span> <span class='ocrx_word' id='word_1_213' title='bbox 353 3096 532 3161; x_wconf 84' lang='lat' dir='ltr'>sententias</span> <span class='ocrx_word' id='word_1_214' title='bbox 554 3096 789 3162; x_wconf 88' lang='lat' dir='ltr'>distrahuntur.</span> <span class='ocrx_word' id='word_1_215' title='bbox 835 3096 922 3162; x_wconf 86' lang='lat' dir='ltr'>Tum</span> <span class='ocrx_word' id='word_1_216' title='bbox 944 3105 1054 3162; x_wconf 87' lang='lat' dir='ltr'>autem</span> <span class='ocrx_word' id='word_1_217' title='bbox 1081 3103 1139 3162; x_wconf 87' lang='lat' dir='ltr'>aut</span> <span class='ocrx_word' id='word_1_218' title='bbox 1165 3115 1218 3158; x_wconf 85' lang='lat' dir='ltr'>an·</span> 
     </span>
     <span class='ocr_line' id='line_1_28' title="bbox 218 3198 1218 3283; baseline -0.001 -21"><span class='ocrx_word' id='word_1_219' title='bbox 218 3199 355 3283; x_wconf 87' lang='lat' dir='ltr'>quirunt</span> <span class='ocrx_word' id='word_1_220' title='bbox 370 3207 428 3263; x_wconf 87' lang='lat' dir='ltr'>aut</span> <span class='ocrx_word' id='word_1_221' title='bbox 443 3198 638 3280; x_wconf 80' lang='lat' dir='ltr'>consultant,</span> <span class='ocrx_word' id='word_1_222' title='bbox 657 3198 699 3262; x_wconf 84' lang='lat' dir='ltr'>ud</span> <span class='ocrx_word' id='word_1_223' title='bbox 718 3199 804 3264; x_wconf 85' lang='lat' dir='ltr'>vitae</span> <span class='ocrx_word' id='word_1_224' title='bbox 822 3200 1090 3266; x_wconf 84' lang='lat' dir='ltr'>commoditatem</span> <span class='ocrx_word' id='word_1_225' title='bbox 1108 3200 1218 3264; x_wconf 79' lang='lat' dir='ltr'>iucun-</span> 
     </span>
     <span class='ocr_line' id='line_1_29' title="bbox 218 3301 1217 3389; baseline 0 -24"><span class='ocrx_word' id='word_1_226' title='bbox 218 3301 431 3387; x_wconf 87' lang='lat' dir='ltr'>ditatemque,</span> <span class='ocrx_word' id='word_1_227' title='bbox 446 3301 487 3366; x_wconf 87' lang='lat' dir='ltr'>ad</span> <span class='ocrx_word' id='word_1_228' title='bbox 502 3301 676 3367; x_wconf 82' lang='lat' dir='ltr'>facultates</span> <span class='ocrx_word' id='word_1_229' title='bbox 694 3323 803 3367; x_wconf 89' lang='lat' dir='ltr'>rorum</span> <span class='ocrx_word' id='word_1_230' title='bbox 822 3315 922 3389; x_wconf 86' lang='lat' dir='ltr'>atque</span> <span class='ocrx_word' id='word_1_231' title='bbox 940 3304 1058 3389; x_wconf 84' lang='lat' dir='ltr'>copias,</span> <span class='ocrx_word' id='word_1_232' title='bbox 1071 3301 1113 3367; x_wconf 84' lang='lat' dir='ltr'>ud</span> <span class='ocrx_word' id='word_1_233' title='bbox 1130 3321 1217 3387; x_wconf 86' lang='lat' dir='ltr'>opes,</span> 
     </span>
     <span class='ocr_line' id='line_1_30' title="bbox 217 3403 1218 3491; baseline -0.002 -23"><span class='ocrx_word' id='word_1_234' title='bbox 217 3403 258 3468; x_wconf 86' lang='lat' dir='ltr'>ad</span> <span class='ocrx_word' id='word_1_235' title='bbox 274 3403 466 3488; x_wconf 84' lang='lat' dir='ltr'>potentiam,</span> <span class='ocrx_word' id='word_1_236' title='bbox 482 3405 601 3490; x_wconf 90' lang='lat' dir='ltr'>quibus</span> <span class='ocrx_word' id='word_1_237' title='bbox 616 3411 649 3469; x_wconf 90' lang='lat' dir='ltr'>et</span> <span class='ocrx_word' id='word_1_238' title='bbox 667 3426 701 3469; x_wconf 89' lang='lat' dir='ltr'>se</span> <span class='ocrx_word' id='word_1_239' title='bbox 718 3405 844 3491; x_wconf 85' lang='lat' dir='ltr'>possint</span> <span class='ocrx_word' id='word_1_240' title='bbox 862 3406 974 3470; x_wconf 86' lang='lat' dir='ltr'>iuvare</span> <span class='ocrx_word' id='word_1_241' title='bbox 993 3413 1027 3470; x_wconf 88' lang='lat' dir='ltr'>et</span> <span class='ocrx_word' id='word_1_242' title='bbox 1042 3425 1127 3486; x_wconf 89' lang='lat' dir='ltr'>suos,</span> <span class='ocrx_word' id='word_1_243' title='bbox 1143 3423 1218 3468; x_wconf 86' lang='lat' dir='ltr'>eon-</span> 
     </span>
     <span class='ocr_line' id='line_1_31' title="bbox 217 3503 1250 3596; baseline -0.002 -28"><span class='ocrx_word' id='word_1_244' title='bbox 217 3505 373 3596; x_wconf 83' lang='lat' dir='ltr'>duoatid</span> <span class='ocrx_word' id='word_1_245' title='bbox 395 3527 508 3588; x_wconf 88' lang='lat' dir='ltr'>neone,</span> <span class='ocrx_word' id='word_1_246' title='bbox 534 3506 575 3572; x_wconf 91' lang='lat' dir='ltr'>de</span> <span class='ocrx_word' id='word_1_247' title='bbox 601 3527 667 3593; x_wconf 91' lang='lat' dir='ltr'>quo</span> <span class='ocrx_word' id='word_1_248' title='bbox 691 3506 890 3588; x_wconf 88' lang='lat' dir='ltr'>deliberant;</span> <span class='ocrx_word' id='word_1_249' title='bbox 916 3527 1000 3593; x_wconf 86' lang='lat' dir='ltr'>quae</span> <span class='ocrx_word' id='word_1_250' title='bbox 1025 3503 1250 3572; x_wconf 84' lang='lat' dir='ltr'>deliberatioeo</span> 
     </span>
     <span class='ocr_line' id='line_1_32' title="bbox 217 3605 1217 3676; baseline -0.004 -4"><span class='ocrx_word' id='word_1_251' title='bbox 217 3609 324 3673; x_wconf 89' lang='lat' dir='ltr'>omnis</span> <span class='ocrx_word' id='word_1_252' title='bbox 339 3609 373 3672; x_wconf 90' lang='lat' dir='ltr'>in</span> <span class='ocrx_word' id='word_1_253' title='bbox 390 3609 549 3674; x_wconf 85' lang='lat' dir='ltr'>rationem</span> <span class='ocrx_word' id='word_1_254' title='bbox 566 3609 718 3674; x_wconf 86' lang='lat' dir='ltr'>utilitatis</span> <span class='ocrx_word' id='word_1_255' title='bbox 733 3609 829 3675; x_wconf 86' lang='lat' dir='ltr'>eadit.</span> <span class='ocrx_word' id='word_1_256' title='bbox 875 3609 1026 3676; x_wconf 87' lang='lat' dir='ltr'>Tertium</span> <span class='ocrx_word' id='word_1_257' title='bbox 1043 3605 1217 3674; x_wconf 75' lang='lat' dir='ltr'>dubitandi</span> 
     </span>
     <span class='ocr_line' id='line_1_33' title="bbox 217 3708 1343 3798; baseline -0.001 -23"><span class='ocrx_word' id='word_1_258' title='bbox 217 3733 322 3797; x_wconf 85' lang='lat' dir='ltr'>genus</span> <span class='ocrx_word' id='word_1_259' title='bbox 340 3718 399 3794; x_wconf 86' lang='lat' dir='ltr'>est,</span> <span class='ocrx_word' id='word_1_260' title='bbox 418 3733 492 3777; x_wconf 89' lang='lat' dir='ltr'>eum</span> <span class='ocrx_word' id='word_1_261' title='bbox 515 3733 662 3798; x_wconf 86' lang='lat' dir='ltr'>pugnare</span> <span class='ocrx_word' id='word_1_262' title='bbox 677 3711 809 3777; x_wconf 91' lang='lat' dir='ltr'>videtur</span> <span class='ocrx_word' id='word_1_263' title='bbox 824 3733 899 3777; x_wconf 85' lang='lat' dir='ltr'>euru</span> <span class='ocrx_word' id='word_1_264' title='bbox 915 3711 1052 3778; x_wconf 87' lang='lat' dir='ltr'>honesto</span> <span class='ocrx_word' id='word_1_265' title='bbox 1067 3711 1113 3794; x_wconf 86' lang='lat' dir='ltr'>id,</span> <span class='ocrx_word' id='word_1_266' title='bbox 1128 3708 1217 3796; x_wconf 89' lang='lat' dir='ltr'>quod</span> <span class='ocrx_word' id='word_1_267' title='bbox 1342 3747 1343 3784; x_wconf 56' lang='lat'>3</span> 
     </span>
    </p>
   </div>
   <div class='ocr_carea' id='block_1_6' title="bbox 0 0 1372 4362">
    <p class='ocr_par' dir='ltr' id='par_1_6' title="bbox 0 0 1372 4362">
     <span class='ocr_line' id='line_1_34' title="bbox 0 0 1372 4362; baseline 0 0"><span class='ocrx_word' id='word_1_268' title='bbox 0 0 1372 4362; x_wconf 95' lang='lat' dir='ltr'> </span> 
     </span>
    </p>
   </div>
  </div>
 </body>
</html>
