2710 4374
184 379 249 444 156
576 375 628 428 ΒΕ
648 375 803 431 omerus
888 403 890 410 v

184 527 433 616 quaestionum:
461 525 576 592 “sitne
590 526 670 594 boni
686 526 747 592 viri
770 527 807 592 in
829 526 972 592 maxima
986 525 1114 592 caritate
1130 521 1181 590 an·¹

185 651 291 698 nouae
302 629 464 696 familiam
477 650 544 696 non
556 628 674 696 alere.’'
707 629 748 696 In
761 638 936 718 utramque
946 639 1072 718 partem
1081 629 1179 716 dispo<

184 740 244 816 tet,
256 731 314 800 sed
328 739 441 799 tamen
456 731 498 798 ad
513 738 699 798 extremum
714 732 867 817 utilitate,
878 738 1035 820 ut'putat,
1048 731 1177 798 officinm

185 834 307 924 derigit
329 835 435 922 magis
452 855 552 922 quam
574 834 801 902 humanitate·
835 835 983 918 Quaerit,
1001 835 1030 900 si
1051 835 1085 899 in
1107 835 1178 899 mari

185 939 311 1004 iactura
338 937 490 1004 facienda
512 937 566 1022 sit,
590 938 712 1026 equine
736 938 873 1026 pretiosi
898 939 1009 1026 potins
1035 937 1209 1030 iaeturams

186 1041 286 1108 faeiat
301 1061 343 1106 an
356 1038 478 1108 servoli
494 1039 579 1107 vilis.
623 1039 692 1107 Hie
706 1040 771 1108 alio
789 1063 840 1107 res
858 1040 1040 1125 familiaris,
1056 1041 1119 1108 alio
1133 1040 1183 1106 du·

186 1143 233 1210 eit
246 1141 444 1208 hnmanitas.
489 1141 557 1208 “Si
572 1141 718 1209 tabulam
733 1141 775 1209 ds
792 1142 968 1230 naufragio
982 1143 1104 1210 stultns
1118 1143 1186 1208 arri·

186 1244 297 1333 puerit
308 1243 561 1331 extorquebitne
575 1265 647 1310 eam
661 1244 800 1332 sapiens,
813 1245 1037 1332 si-potueriti”
1071 1243 1195 1335 Negat,

187 1347 266 1435 quia
291 1347 334 1413 sit
358 1346 528 1412 iniurium.
572 1345 716 1425 “Quidt
737 1347 893 1413 dominus
917 1346 1011 1413 navis
1032 1333 1188 1434 eripietne

187 1471 285 1517 suum
298 1449 331 1516 i’'
368 1453 388 1487 “
398 1447 549 1530 Minime,
561 1470 631 1527 non,
644 1448 719 1536 plus
734 1470 834 1537 quam
849 1449 1061 1536 navigantem
1073 1450 1111 1513 in
1126 1449 1226 1538 altore·

186 1553 294 1619 eieere
319 1550 361 1618 de
386 1551 465 1617 navi
485 1549 578 1634 velit,
599 1551 679 1638 qnia
699 1573 758 1617 sna
779 1551 831 1618 sit.
876 1550 995 1630 Quoad
1015 1551 1106 1616 enim
1124 1572 1189 1638 per-

188 1663 327 1722 ventum
344 1661 394 1722 est
411 1675 461 1736 eo,
480 1674 547 1741 quo
568 1661 701 1742 sumpta
722 1655 816 1720 navis
837 1648 896 1737 est,
914 1675 981 1720 non
999 1639 1128 1720 domini
1144 1661 1189 1719 est

140 1759 292 1840 sonoris,
312 1757 369 1824 sed
395 1757 655 1844 navigantium.''
700 1761 720 1796 “
733 1757 845 1836 Quidt
867 1757 895 1822 si
916 1744 983 1822 una
1004 1756 1117 1822 tabula
1141 1757 1188 1840 sit,

189 1860 256 1928 duo
270 1859 436 1947 naufragi,
450 1860 546 1946 eique
561 1859 734 1947 sapientes,
750 1860 856 1926 sibine
871 1867 1007 1947 uterque
1021 1860 1136 1948 rapiat,
1151 1862 1188 1923 an

189 1962 273 2028 aiter
290 1961 384 2028 oedat
401 1961 494 2028 alteri
505 1961 537 2028 i''
578 1966 598 2000 ‘⁶
608 1961 714 2028 Cedat
735 1984 824 2046 varo,
841 1962 899 2028 sed
920 1960 1228 2047 ei,ouinsmagis1r'

189 2063 319 2130 intersit
337 2063 390 2130 vel
405 2085 464 2130 sna
479 2064 532 2132 vel
547 2065 594 2130 rei
610 2065 760 2153 publicae
776 2085 871 2132 eausa
885 2064 1029 2130 rivere.''
1063 2067 1083 2102 “
1094 2063 1202 2145 Quid‚·'‘

189 2168 218 2232 si
240 2165 320 2232 haee
341 2165 433 2253 paria
454 2167 489 2232 iu
512 2167 696 2254 utroqoei”
741 2167 914 2234 “Nullum
935 2166 998 2233 erit
1015 2171 1189 2246 certamen,

190 2268 247 2335 sed
263 2269 357 2355 qnasi
372 2277 459 2336 sorte
476 2279 534 2336 ant
552 2267 704 2336 minando
725 2271 832 2338 vietus
853 2256 957 2336 alteri*
969 2267 1201 2354 oedetaiter'ii

191 2369 337 2450 “Quidi
360 2371 387 2437 si
411 2379 504 2459 pater
528 2371 604 2438 iana
623 2372 757 2461 expilat,
776 2372 944 2440 cuniculos
960 2380 1036 2459 agat
1053 2371 1094 2436 ed
1113 2392 1193 2458 aera-

190 2475 289 2557 rium,
311 2474 480 2541 indicetne
501 2475 535 2541 id
560 2465 808 2563 magistratibus
825 2475 955 2541 filiusi'’
1001 2478 1020 2512 “
1033 2473 1140 2540 Nefas
1160 2473 1230 2538 idas

190 2577 326 2664 quidem
344 2585 403 2661 est,
418 2577 498 2664 quin
517 2577 617 2643 etiarn
636 2577 795 2645 defendat
810 2571 949 2666 patrem,
964 2577 992 2642 si
1009 2561 1191 2664 signatura?

192 2678 295 2747 “Non
313 2681 416 2767 igitur
430 2679 535 2766 patria
550 2679 695 2766 praestat
709 2680 862 2746 omnibus
877 2679 1033 2745 offleiist''
1060 2662 1193 2744 “Immo

192 2793 281 2866 vero,
296 2783 354 2849 sed
369 2782 431 2869 ipsi
449 2781 573 2869 patriae
590 2782 745 2858 oondnoit
763 2782 835 2870 pios
849 2781 970 2848 habere
985 2783 1076 2849 oives
1094 2782 1129 2848 in
1146 2802 1194 2868 pa-

192 2883 332 2950 rentes.’'
376 2883 518 2962 “Quidi
544 2884 804 2971 si'tyrannidem
822 2873 992 2971 occupare,
1008 2884 1036 2950 si
1058 2885 1193 2973 patriam

191 2984 331 3071 prodere
361 2987 534 3052 conabitur
562 2986 847 3073 parea-silebitne
879 2986 1010 3053 filins'i”
1040 2985 1232 3051 “Imauus-³

192 3105 272 3150 vero
286 3086 468 3156 obsecrabit
482 3097 620 3174 patrem,
635 3111 678 3156 ne
692 3089 727 3155 id
743 3089 853 3156 faeiat.
872 3089 924 3155 *Si
939 3088 1022 3154 nihil
1038 3087 1192 3180 proficiet,

192 3187 370 3269 accusabit,¹
386 3189 568 3256 minabitur
585 3192 696 3275 etiam,
711 3193 753 3258 ad
770 3177 967 3275 extremum,
983 3191 1010 3256 si
1028 3191 1070 3258 ad
1092 3190 1207 3280 perui·-

193 3288 276 3356 eiem
299 3289 425 3376 patriae
446 3295 691 3380 res'speetabit,
709 3295 834 3381 patriae
856 3293 997 3360 salutem
1018 3300 1193 3382 anteponet

146 3394 181 3450 91
193 3389 290 3457 saluti
315 3391 449 3478 patris.’'
494 3393 632 3472 Quaerit
655 3397 765 3478 etiam,
791 3397 819 3462 si
840 3396 970 3482 sapiens
995 3394 1208 3462 adulterinos¹

193 3515 346 3560 nummos
361 3497 524 3582 aooeperi't
541 3498 721 3585 inprudens
739 3519 800 3585 pro
818 3493 922 3580 bonis,
938 3517 1012 3564 oum
1031 3498 1068 3563 id
1086 3498 1234 3564 rescisa

172 3597 246 3679 rit,
262 3595 472 3664 soluturusne
486 3599 529 3664 sit
550 3621 616 3683 eos,
630 3601 659 3666 si
676 3601 731 3667 oni
748 3600 873 3680 debeat,
891 3621 951 3687 pro
968 3601 1080 3665 bonis?
1106 3599 1208 3665 ‘Dio‘

191 3719 292 3786 genes
309 3699 563 3786 ait,'Antipater
582 3710 693 3788 negat,
709 3703 771 3769 eni·
784 3702 895 3790 poti-us
916 3703 1087 3768 assentior.v
1129 3701 1192 3780 Qni
