2710 4374
169 331 235 398 152
561 327 613 382 na
634 327 789 384 ossucus

169 501 189 548 a
212 479 279 548 lide
301 479 492 568 iustitiaque
519 478 675 564 discessit,
701 478 760 566 qui
783 477 948 566 optimum
972 485 1008 544 et
1028 477 1166 566 gravissi·

170 605 264 650 mum
291 583 409 666 civem,
427 582 521 650 cuius
542 582 669 671 legatus
695 590 730 648 et
750 603 771 648 a
792 603 859 670 qno
885 582 1004 648 missus
1031 589 1122 664 esset,
1137 581 1167 646 in

122 685 330 754 soinvidiam
347 685 432 752 falso
449 685 589 752 crimine
605 684 790 751 adduxerit.
834 683 890 751 Ne
908 691 1021 750 noster
1043 683 1169 772 quidem

170 789 385 856 Gratidianus
395 789 503 856 officio
515 788 578 854 viri
592 788 672 855 boni
687 787 823 854 iunctus
840 798 890 854 est
905 795 988 870 tum,
1000 808 1080 853 enm
1091 807 1172 874 prae·

169 899 224 958 tor
240 901 326 958 esset
343 889 586 978 collegiumque
603 883 805 978 praetorium
825 889 952 956 tribuni
975 888 1068 976 plebi
1091 887 1199 954 edhi-rr

169 993 328 1077 buissent,
344 999 447 1058 utres
465 993 650 1058 nummaria
666 992 708 1059 de
729 991 898 1059 communi
920 983 1087 1058 sententie
1108 1011 1175 1056 eon-

169 1095 382 1178 stitueretur3
405 1095 587 1162 iactabatur
606 1094 697 1160 enim
712 1095 916 1182 temporibus
937 1093 1003 1159 illis
1021 1114 1176 1158 nummus

170 1196 227 1281 sic,
241 1181 406 1264 ut'nemo
431 1203 541 1284 posset
566 1196 658 1279 scire,
674 1196 756 1284 quid
780 1195 925 1262 haberet.
970 1196 1177 1283 (lonseripse

170 1305 251 1366 runt
275 1300 499 1367 communiter
520 1298 667 1365 edictum
693 1319 771 1366 oum
797 1319 904 1386 poene
928 1307 1028 1387 atque
1055 1299 1177 1366 iudicio

170 1403 489 1489 constitueruntque,
504 1409 543 1468 ut
565 1423 681 1468 omnes
698 1401 797 1468 simul
812 1402 846 1466 in
865 1410 969 1467 rostra
987 1409 1063 1489 post
1086 1401 1206 1467 meri-u

170 1505 260 1573 diem
276 1504 497 1572 escenderent.
542 1502 587 1570 Et
602 1503 701 1572 ceteri
715 1504 852 1592 quidem
866 1503 950 1571 alins
963 1504 1040 1588 alio,
1052 1503 1179 1580 Marius

171 1608 214 1675 ab
236 1606 400 1675 subselliis
417 1607 452 1672 in
475 1613 580 1673 rostra
601 1613 690 1673 recte
711 1605 823 1695 idque,
845 1607 935 1694 quod
956 1601 1182 1674 communiter

171 1709 392 1798 compositum
408 1705 529 1791 fuerat,
544 1707 634 1776 solus
648 1708 762 1776 edixit.
806 1707 851 1774 Et
865 1730 904 1775 ea
918 1731 980 1793 res,
996 1709 1023 1774 si
1039 1711 1181 1796 quaeris,

171 1812 203 1878 ei
217 1834 340 1902 magno
351 1807 469 1878 honori
483 1807 571 1894 tuit,
581 1812 736 1879 omnibus
748 1811 829 1878 vicis
844 1809 980 1895 statuae,
993 1811 1033 1877 ed
1049 1820 1181 1895 castus,

171 1915 278 1998 ccrei;
306 1914 388 2002 quid
413 1913 540 1980 multal
566 1935 665 1982 nemo
691 1935 850 2001 umquem
875 1913 1086 1980 multitudini
1112 1914 1216 1980 furta

125 2017 286 2083 sicarior.
330 2017 424 2084 Haec
444 2025 531 2101 suut,
557 2039 642 2104 quae
663 2017 863 2084 conturbent
884 2016 921 2082 in
942 2009 1186 2084 deliberatione

172 2139 238 2184 non
254 2139 447 2206 numquam,
462 2141 539 2186 cnm
558 2120 603 2202 id,
618 2120 652 2184 in
676 2141 743 2207 quo
765 2119 909 2186 violatur
930 2120 1088 2207 aequitas,
1111 2141 1181 2187 non

172 2221 218 2287 ita
232 2242 401 2308 magnum,
416 2221 500 2288 illud
518 2232 640 2307 autem,
653 2222 744 2310 quod
762 2245 803 2289 ex
821 2245 861 2289 co
878 2223 1016 2310 paritur,
1031 2245 1183 2310 permag-

172 2345 254 2389 num
272 2322 415 2407 videtur,
433 2333 473 2390 ut
490 2323 597 2391 Murio
619 2325 806 2414 praeripere
828 2325 964 2414 collegis
985 2335 1020 2392 et
1036 2327 1183 2392 tribunis

171 2425 262 2514 plebi
283 2425 476 2515 popularem
499 2429 638 2516 gratiam
660 2451 727 2495 non
751 2429 798 2495 ita
819 2428 1114 2517 turpe,consulcm
1127 2429 1220 2494 'obre

172 2550 244 2596 earn
262 2551 332 2597 rem
354 2527 436 2613 fieri,
452 2530 541 2617 quod
559 2531 709 2598 albitum
732 2526 956 2620 proposuerat,
978 2531 1076 2598 valde
1096 2531 1183 2597 utile

172 2632 356 2700 videbatur.
401 2631 467 2698 sed
493 2633 644 2698 omnium
674 2654 739 2699 una
765 2633 879 2722 regula
907 2643 966 2717 est,
990 2655 1090 2721 quam
1117 2634 1181 2700 tibi

172 2735 271 2822 cupio
294 2755 364 2802 esse
390 2733 604 2818 notissimam,
619 2742 676 2801 aut
699 2734 794 2821 illud,
817 2736 906 2824 quod
933 2735 1014 2802 utile
1037 2736 1181 2818 videtur,

173 2844 271 2924 turpe
285 2859 328 2904 ue
351 2837 395 2904 sit
416 2845 483 2921 ent,
499 2837 527 2903 si
550 2845 648 2925 turpe
670 2847 731 2922 est,
749 2860 792 2905 ne
818 2839 970 2905 videatur
994 2859 1064 2905 esse
1087 2837 1180 2904 utile.

173 2938 263 3016 Quid
278 2938 403 3026 igiturl
417 2961 633 3028 possumusne
647 2940 816 3021 tntillum
833 2939 978 3008 Marium
997 2941 1108 3006 virum
1127 2941 1226 3006 boso

173 3061 254 3104 num
269 3039 416 3108 iudicare
430 3050 487 3109 aut
499 3041 610 3110 hnncl
652 3042 794 3131 Explica
807 3051 907 3130 etque
922 3050 1039 3110 excute
1053 3041 1182 3109 intelle-

171 3139 319 3228 gentiam
334 3149 437 3227 tuam,
453 3154 492 3211 ut
508 3145 627 3228 videas,
642 3168 727 3233 quae
741 3146 784 3212 sit
798 3146 833 3211 in
849 3167 888 3212 ea
905 3146 1054 3233 [species]
1069 3145 1182 3212 -forrna

173 3249 207 3308 et
221 3242 314 3308 notio
328 3245 392 3310 viri
407 3246 497 3312 boni.
542 3247 641 3314 (ladit
658 3269 738 3335 ergo
755 3249 790 3314 in
813 3248 924 3314 virum
947 3249 1070 3314 bonum
1091 3269 1180 3313 men·

172 3343 230 3411 tiri
241 3344 457 3414 emolumenti
470 3349 520 3414 sui
533 3370 637 3432 cause,
649 3351 825 3434 criminari,
838 3350 1032 3439 praeripere,
1044 3349 1181 3416 falleret

126 3460 162 3514 82
173 3445 270 3514 Nihil
285 3448 435 3535 profecto
450 3451 570 3516 minus.
608 3451 668 3517 Est
683 3474 763 3540 ergo
775 3453 841 3519 ulla
855 3475 907 3520 res
922 3453 1007 3520 tanti
1021 3460 1078 3518 eut
1093 3474 1222 3518 com-so

172 3549 310 3616 modum
327 3549 432 3618 ullum
450 3562 519 3619 tam
534 3553 768 3641 expetendum,
783 3562 822 3621 nt
840 3557 904 3621 viri
926 3555 1004 3623 boui
1021 3561 1056 3620 et
1073 3553 1184 3641 splen-

172 3654 286 3722 dorem
302 3661 336 3722 et
347 3659 469 3724 nomen
484 3656 638 3722 amittesl
678 3657 767 3735 Quid
784 3665 843 3742 est,
859 3659 948 3746 quod
963 3656 1093 3724 adferre
1108 3665 1188 3722 tan-
