2710 4374
397 410 467 460 LIB.
484 411 536 461 III.
572 411 653 463 cal‘.
673 415 697 474 1,
713 413 739 462 2.
773 411 788 472 ἓ
805 414 865 464 3-9.
1071 409 1133 475 125

113 562 210 622 tasse
239 558 395 624 nominis.
439 555 621 647 Suscepisti
652 579 737 626 onus
767 567 936 648 praeterea
966 576 1068 647 graue
1099 556 1137 626 e't

115 659 338 726 Athenarum
363 669 398 727 et
422 662 594 750 Cratippi3
615 663 658 729 ad
683 684 767 749 quos
795 685 871 729 eum
897 672 1066 750 tamquam
1089 663 1133 728 ad

117 771 345 828 mercaturam
360 765 520 831 bonarum
537 766 658 831 artium
673 767 716 831 sis
728 765 906 852 profectus,
916 765 1048 832 inanem
1061 765 1132 832 red-

117 866 172 932 ire
195 864 426 952 turpissimum
447 877 497 934 est
514 867 768 934 dedecorantem
790 876 824 933 et
846 867 938 934 urbis
960 868 1131 934 auetorita-

91 975 195 1033 etem
210 976 244 1034 et
261 969 422 1055 magistri.
466 969 587 1052 Quare,
603 979 765 1057 quantum
781 971 884 1037 coniti
899 971 1010 1038 animo
1028 979 1130 1060 potes,

119 1079 291 1158 quantum
303 1070 415 1138 labore
428 1073 637 1157 contendere,
650 1074 678 1140 ei
693 1073 841 1140 discendi
856 1070 948 1140 labor
957 1083 1007 1141 est
1022 1076 1132 1162 petius

120 1195 226 1260 quam
242 1173 404 1260 voluptas,
419 1181 549 1240 tantum
568 1175 623 1241 fac
641 1183 678 1241 ut
695 1175 815 1242 efficias
832 1197 916 1242 neve
934 1178 1131 1261 committas,
1154 1181 1157 1186 ’

123 1285 176 1359 nt,
190 1298 267 1342 cum
289 1278 402 1343 omnia
422 1277 632 1364 suppeditata
652 1279 720 1343 sint
740 1279 884 1361 anobis,
902 1287 974 1345 tute
995 1279 1058 1345 tibi
1079 1279 1134 1345 de·

121 1379 230 1445 fuisse
244 1379 386 1445 videare.
431 1379 496 1446 Sed
513 1381 592 1446 haec
607 1379 785 1462 hacteuus3
808 1381 913 1446 multa
927 1382 1017 1447 euim
1035 1403 1134 1468 saepe

83 1482 169 1547 road
186 1490 220 1548 te
237 1481 431 1548 cohortandi
452 1483 559 1569 gratia
576 1483 784 1570 scripsimus3
808 1504 898 1548 nunc
915 1483 957 1548 ad
971 1483 1133 1571 reliquam

123 1594 253 1674 partem
269 1586 455 1672 propositae
469 1585 643 1652 divisionis
658 1593 875 1651 revertamur.

169 1689 349 1754 Panaetius
362 1689 475 1776 igitur,
491 1689 550 1777 qui
565 1689 636 1754 sine
650 1689 874 1755 controversia
894 1687 936 1754 de
951 1685 1068 1755 officiis
1084 1697 1159 1756 aet
1196 1693 1201 1702 '

124 1792 329 1858 curatissime
351 1792 542 1879 disputavit,
565 1785 815 1880 quemque'nos
836 1791 1037 1858 correctione
1057 1813 1134 1879 qua·

125 1895 203 1959 dam
215 1893 362 1961 adhibita
373 1894 582 1981 potissimum
592 1894 696 1976 secuti
708 1914 832 1976 sumus,
842 1893 948 1959 tribus
958 1895 1134 1981 generibus

6 2047 7 2052 η
88 1997 313 2085 repropositis,
329 1995 363 2062 in
380 1997 501 2084 quibus
518 1996 699 2062 deliberare
721 1995 872 2062 homiues
892 2004 927 2063 et
948 1997 1133 2079 consultare

126 2102 169 2168 de
189 2100 297 2166 officio
319 2099 472 2183 coierent,
490 2097 568 2183 u‘no,
589 2121 664 2166 eum
682 2099 890 2184 dubitarent,
913 2097 1133 2168 honestumne

126 2204 161 2270 id
177 2216 272 2286 esset,
290 2203 332 2270 de
346 2225 413 2290 qrro
427 2211 592 2290 ageretur,
608 2225 649 2268 an
666 2209 772 2290 turpe,
784 2203 897 2286 altero,
908 2203 1034 2270 utilene
1048 2213 1134 2271 esset

127 2329 168 2374 an
183 2306 312 2391 inutile,
328 2307 437 2389 tertio,
452 2306 480 2371 si
496 2306 542 2389 id,
561 2306 651 2392 quod
673 2306 815 2393 speeiem
837 2305 974 2372 haberet
991 2306 1136 2388 honesti,-

127 2418 292 2497 pugnaret
313 2431 388 2475 eum
407 2430 457 2492 eo,
481 2408 571 2495 quod
593 2408 676 2474 utile
700 2408 879 2491 videretur,
893 2429 961 2494 quo
979 2409 1078 2475 modo
1095 2429 1134 2474 ea

94 2513 268 2578 rediscerni
282 2518 460 2598 oporteret,
475 2511 518 2576 de
540 2510 669 2578 duobus
690 2511 867 2599 generibus
888 2511 1006 2597 primis
1027 2511 1135 2577 tribus

127 2615 219 2681 libris
244 2614 432 2702 explicavit,
447 2613 490 2680 de
502 2614 610 2680 tertio
635 2622 746 2679 autem
772 2634 894 2700 genere
919 2612 1074 2699 deinceps
1099 2634 1135 2678 ee

128 2718 257 2804 scripsit
285 2718 453 2782 dicturum
479 2737 540 2782 nee
567 2715 709 2782 exsolvit
734 2715 781 2798 id,
809 2713 898 2800 quod
929 2715 1133 2800 promiserat.

127 2821 226 2898 Quod
241 2825 281 2887 eo
299 2821 403 2907 magis
417 2819 538 2902 miror,
555 2819 634 2906 quia
654 2818 814 2904 seriptum
838 2837 860 2880 a
879 2815 1042 2902 discipulo
1064 2815 1162 2881 eiuass

127 2924 308 2991 Posidonio
323 2932 372 2988 est
386 2923 525 3010 triginta
539 2924 635 2988 annis
653 2921 773 2986 vixisse
788 2918 996 3001 Panaetium,
1010 2925 1136 3006 postea-

6 3036 12 3099 33
89 3046 227 3111 requam
241 3023 316 3089 illos
330 3023 431 3090 libros
446 3023 611 3089 edidisset.
645 3019 880 3100 Quemloeum
896 3016 1135 3086 mirorairost

127 3127 228 3193 donio
239 3127 384 3192 breviter
394 3137 464 3191 esse
478 3131 602 3191 tactum
618 3125 654 3188 in
670 3123 867 3210 quibusdam
879 3123 1133 3205 commentariis,

9 3299 12 3305 ,
127 3229 318 3318 praesertim
332 3251 406 3295 curn
420 3229 542 3294 scribat
554 3225 765 3293 nullumesse
780 3225 890 3292 locum
901 3227 936 3290 in
949 3231 1019 3292 tota
1029 3226 1135 3314 philo-

5 3364 21 3414 ῃ
127 3333 242 3420 sophia
268 3341 336 3397 tam
359 3331 587 3398 necessarium.
632 3328 775 3395 Minime
799 3351 878 3395 vero
902 3330 1062 3396 assentior
1082 3331 1161 3411 iias

5 3447 19 3526 ,fi
127 3437 185 3524 qni
199 3443 323 3523 negant
341 3457 419 3500 enm
436 3433 547 3499 locum
566 3453 585 3496 a
602 3430 762 3498 Panaetio
781 3434 1058 3519 praetermissum,
1076 3432 1133 3498 sed
1158 3453 1160 3455 ·
1179 3497 1182 3500 ,

5 3559 18 3623 ;;’;,
94 3541 276 3610 rocon'sulto
290 3541 455 3623 relictum,
471 3561 531 3604 nee
546 3539 682 3604 ournino
701 3537 910 3603 scribendum
928 3537 1041 3619 fuisse,
1057 3538 1135 3624 quia

5 3661 20 3728 a
127 3667 307 3732 numquam
323 3643 435 3731 posset
452 3641 578 3707 utilitas
595 3662 672 3707 cum
690 3640 861 3706 honestate
879 3660 1036 3726 pugnare.
1065 3639 1135 3704 .De

8 3764 20 3829 ξε
127 3771 193 3836 quo
225 3747 366 3814 alterum
400 3748 510 3832 pote'st
529 3743 678 3811 habere
695 3741 947 3824 dubitationem,
980 3741 1135 3807 adhibens
