2710 4374
358 427 429 478 um.
447 426 500 478 111.
535 424 731 489 chereas.
768 423 889 486 osaea
1067 417 1134 494 1572

115 579 230 643 viuum
253 575 394 663 fugiens
416 575 539 642 vendat
560 576 674 658 sciens,
697 574 859 641 debeatne
880 574 1000 640 dicere.
1048 573 1129 642 Nou

114 702 243 746 necesse
259 689 361 766 putat
377 679 556 766 Diogenes,
572 678 753 764 Antipater
768 678 831 743 viri
850 678 929 744 boui
951 677 1129 744 existimat.

114 782 205 849 Haec
233 791 315 848 sunt
347 782 441 869 quasi
471 790 681 847 controversa
712 781 784 846 iura
813 780 1011 847 Stoicorum.
1057 780 1128 846 “In

114 885 280 972 mancipio
299 883 484 951 vendundo
503 882 685 950 dicendane
702 883 794 966 vitis,
810 905 876 948 non
896 905 944 965 ea,
963 904 1047 970 quae
1065 885 1130 950 nisi
1199 896 1202 902 '

96 987 245 1070 edixeris,
268 987 488 1053 redhibeatur
509 985 711 1072 mancipium
738 985 811 1052 iure
832 984 934 1067 civili,
959 986 1017 1052 sed
1039 985 1135 1065 haec,¹

116 1091 310 1168 mendacem
334 1111 415 1172 esse,
433 1088 621 1170 aleatorem,
639 1087 800 1170 furacem,
816 1088 980 1154 ebriosum
992 1088 1024 1154 t”
1070 1089 1129 1154 Al·

117 1193 176 1258 teri
197 1192 343 1260 dicenda
361 1193 528 1274 videntur,
546 1190 642 1257 alteri
664 1211 730 1256 uon
754 1189 919 1256 videntur.
965 1191 1031 1257 “si
1053 1191 1182 1278 quista

116 1311 231 1360 aurum
247 1295 403 1362 vendens
417 1292 618 1361 orichalcum
633 1313 667 1358 sc
681 1301 778 1379 putet
793 1292 945 1375 vendere,
961 1293 1129 1360 indicetne

117 1393 146 1461 ci
167 1398 218 1462 vir
240 1399 352 1465 bouus
373 1419 490 1464 aurum
513 1395 597 1461 illud
619 1416 689 1461 esse
706 1416 748 1460 au
766 1404 855 1462 emat
876 1396 1021 1478 denario,
1039 1395 1130 1482 quod

86 1499 158 1564 rosit
182 1500 276 1568 mille
298 1501 475 1568 denarium
486 1499 519 1576 l’?
564 1497 783 1585 Perspicuum
809 1506 859 1564 est
886 1499 961 1580 iam,
988 1507 1023 1564 et
1048 1498 1132 1586 quid-

119 1601 197 1668 mihi
211 1604 381 1687 videatur,
397 1612 431 1670 et
449 1624 533 1690 quae
555 1601 598 1666 sit
620 1601 709 1667 iuter
730 1622 786 1667 eos
808 1599 1031 1687 philosophos,
1047 1622 1131 1688 quos

118 1707 297 1790 nominavi,
315 1706 550 1773 controversia

146 1803 266 1875 Pacta
274 1817 310 1876 et
328 1809 488 1897 promissa
497 1828 673 1895 Qseruperuo
687 1805 847 1873 servanda
864 1805 940 1890 siut,
957 1827 1048 1882 cusu
1062 1829 1128 1874 uuo
1138 1813 1184 1884 24

119 1907 230 1978 urnae
245 1918 337 1978 uouo
351 1932 453 1994 uano,
468 1919 507 1976 ut
524 1917 690 1998 praetores
707 1908 824 1992 solent,
801 1916 950 1976 tuscus
965 1932 1075 1977 sruu.
1072 1910 1130 1976 Si
1215 1997 1218 2001 Ι

92 2013 191 2098 aquis
212 2016 493 2082 medicamentum
514 2013 657 2099 cuipiam
675 2011 805 2078 dederit
827 2011 868 2078 ad
890 2035 1007 2100 aquam
1031 2015 1131 2080 inter·

122 2122 226 2181 cutem
249 2113 494 2205 pepigeritque‚
519 2115 546 2181 si
571 2113 610 2181 eo
637 2114 876 2181 medicamento
900 2137 997 2182 sanus
1021 2111 1130 2183 factus

124 2214 211 2301 esset,
227 2241 269 2287 ne
284 2219 346 2286 illo
361 2217 603 2284 medicamento
621 2239 777 2304 nmquam
797 2228 909 2305 postea
927 2223 1130 2303 nteretnn'si

124 2323 160 2389 eb
173 2323 415 2390 medicamento
438 2342 535 2387 sanus
557 2321 665 2387 factus
688 2321 731 2386 sit
753 2329 787 2386 et
801 2322 896 2387 aunis
911 2322 1036 2409 aliquot
1055 2331 1130 2410 post

125 2419 273 2493 inciderit
288 2427 325 2491 in
341 2425 484 2492 eundern
503 2424 656 2491 morbum
679 2445 741 2490 nec
757 2425 799 2490 ab
817 2445 868 2508 eo,
887 2425 1021 2510 quicum
1040 2427 1130 2512 pepi-

97 2535 222 2610 agema
233 2529 402 2617 impetret,
413 2536 452 2594 ut
467 2529 588 2594 iterum
603 2549 643 2593 eo
658 2526 757 2594 liceat
773 2527 833 2610 uti,
845 2527 928 2612 quid
939 2526 1128 2592 faciendum

127 2626 175 2692 sit.
217 2629 307 2697 (ium
329 2631 373 2697 sit
393 2631 423 2696 is
439 2629 649 2711 inhumanus,
666 2629 725 2715 qui
742 2649 809 2695 nou
828 2627 998 2709 concedat,
1015 2649 1083 2693 nec
1098 2629 1140 2692 ci¹

127 2731 385 2820 quicquamfiat
409 2733 559 2817 iniuriae,
585 2732 674 2798 vitae
700 2739 734 2796 et
756 2729 855 2795 saluti
881 2728 1129 2796 consulendum.
1225 2787 1227 2791 .

129 2829 234 2908 Quidt
256 2837 286 2902 si
304 2835 362 2923 qui
380 2835 508 2923 sepiens
529 2842 664 2922 rogatus
685 2833 729 2899 sit
746 2833 787 2898 ab
809 2853 858 2914 eo,
874 2831 932 2917 qui
948 2852 1024 2896 eum
1042 2831 1131 2898 here·
1145 2849 1182 2904 93

129 2931 200 3001 dem
217 2938 330 3021 faciat,
346 2959 420 3005 cunr
440 2937 471 3004 ei
490 2944 687 3003 testamento
705 2934 890 3002 sestertium
910 2933 1017 3000 milies
1034 2925 1130 3000 relin-

101 3048 254 3125 uquatun
268 3049 314 3124 ut,
326 3050 403 3107 aute
418 3061 518 3128 quam
534 3039 750 3105 hereditatem
766 3038 871 3120 adeat,
883 3035 955 3103 luce
970 3037 1079 3124 palam
1094 3039 1128 3104 iu

130 3138 198 3208 foro
214 3145 322 3228 saltet,
339 3144 441 3231 idque
459 3165 494 3210 se
515 3142 682 3208 facturum
707 3139 906 3228 promiserit,
922 3141 1011 3228 quod
1034 3142 1130 3208 aliter

132 3239 278 3314 heredem
300 3269 377 3313 eum
400 3245 581 3333 scripturus
605 3244 663 3310 ille
688 3265 754 3309 nou
783 3251 876 3327 esset,
902 3243 1013 3328 faeiat,
1039 3245 1129 3330 quod

131 3345 320 3432 promiserit,
344 3350 467 3416 uecnel
511 3346 706 3414 Promisisse
727 3344 850 3412 nollem
874 3354 908 3411 et
929 3347 962 3412 id
990 3347 1141 3414 arbitror.

132 3444 226 3518 fuisse
239 3452 429 3539 gravitatis3
447 3451 605 3538 quoniam
627 3449 789 3536 promisit,
808 3445 836 3513 si
857 3447 1006 3515 saltare
995 3471 1031 3514 1u
1055 3449 1130 3516 foro

104 3555 222 3640 turpe
252 3555 362 3638 ducet,
394 3553 564 3621 honestius
595 3553 784 3634 mentietur,
814 3551 843 3616 si
874 3573 916 3617 ex
947 3551 1130 3618 hereditate

133 3654 209 3722 nihil
236 3658 372 3778 ceperit,
398 3679 497 3745 quam
524 3656 552 3723 si
577 3655 711 3743 ceperit,
737 3653 802 3719 nisi
826 3652 915 3720 forte
936 3675 1009 3719 eam
1034 3675 1169 3740 pecu

133 3754 214 3826 niam
239 3761 274 3826 iu
294 3761 350 3827 rei
380 3759 530 3849 publicae
553 3777 713 3846 magnum
739 3755 873 3842 aliquod
899 3764 1031 3842 tempus
1055 3776 1130 3821 con-
