2734 4362
218 339 262 407 52
609 333 662 390 nu
682 332 837 390 omasus

218 487 336 578 traque
349 495 478 576 patrem
489 485 570 570 eius,
581 483 679 552 illum
689 489 748 574 qul
759 483 811 552 Ti.
825 483 966 554 Gracchi
977 472 1112 552 conatus
1122 486 1224 576 perdi-

220 601 272 660 tos
286 591 478 676 vindicavit,
490 589 616 656 nullam
631 583 985 657 comitatam'habnissa
995 577 1156 686 sermonis
1172 589 1226 674 [ne

220 691 443 762 Xenocratem
454 691 602 781 quidem,
614 689 858 760 severissimum
870 688 1169 779 philosophorum]
1186 691 1226 758 ob

220 817 361 886 eamque
388 817 458 864 rem
484 796 590 884 ipsam
620 801 840 882 magnumst
868 792 993 860 clarum
1019 793 1131 862 fuisse.
1175 792 1227 858 In-

221 899 441 966 numerabiles
455 891 543 965 aliae‘
552 892 839 963 dissimilitudines
849 903 927 961 sunt
941 903 1079 962 naturas
1088 917 1228 964 morum·
1245 924 1258 964 s

221 1022 296 1090 qna,
311 1002 450 1068 minime
465 1007 575 1066 tamma
593 991 901 1087 vituperandomm.

266 1103 461 1170 Admodum
479 1111 589 1170 autem
607 1101 753 1168 tenenda
773 1109 852 1167 stant
873 1123 932 1167 sna
954 1101 1074 1189 cuique
1096 1101 1230 1196 nonvi-

223 1207 317 1289 tiosa,
339 1205 397 1272 ssd
416 1201 529 1272 'tamen
551 1197 695 1294 propria,
713 1224 781 1292 quo
803 1193 936 1272 facilius
957 1204 1114 1272 decorum
1137 1204 1231 1288 illud,

224 1308 313 1397 quod
330 1305 529 1396 quaerimus,
547 1309 738 1374 retineatur.
782 1307 840 1374 Sic
857 1307 947 1374 enim
963 1315 1012 1374 est
1029 1307 1231 1392 faciendum,

224 1419 403 1480 utcontra
427 1411 615 1477 universam
640 1417 792 1476 naturam
819 1409 904 1475 nibil
930 1397 1178 1494 contendamus,
1197 1434 1261 1476 cau

224 1523 336 1582 tamen
365 1520 558 1582 conseruata
588 1513 757 1600 propriam
790 1485 936 1580 nbatram
965 1534 1153 1600 sequamur,
1185 1521 1232 1595 ut,

224 1617 354 1685 etiamsi
379 1617 446 1683 sint
472 1615 536 1682 alia
560 1615 712 1702 graviora
737 1623 838 1702 atqua
866 1613 1012 1699 meliora,
1034 1623 1150 1682 tamen
1176 1637 1234 1682 nos

225 1721 334 1787 studia
347 1727 459 1785 nostra
473 1727 603 1785 nostrae
620 1725 758 1784 naturate
775 1716 890 1804 regula
907 1704 1103 1801 metiamnr3
1126 1739 1234 1805 neque

225 1823 316 1890 enirn
338 1821 457 1890 attinet
478 1829 616 1888 naturae
637 1841 823 1908 repugnare
843 1841 906 1886 nec
926 1820 1106 1908 quicquam
1129 1822 1234 1908 sequi,

225 1925 316 2010 quod
331 1923 459 2010 assequi
475 1945 541 1990 uon
557 1945 667 2010 queas,
704 1919 756 1988 Ex
772 1943 840 2010 quo
854 1922 959 2010 magis
973 1924 1126 2008 emergit,
1135 1923 1264 2010 quales

225 2027 271 2092 sit
285 2026 440 2092 decorum
456 2025 550 2109 illud,
562 2026 638 2092 ideo
652 2024 830 2113 quia'nilril
845 2025 939 2092 decet
953 2025 1060 2091 invita
1070 2025 1234 2112 Minerva,

161 2140 216 2194 111
228 2135 266 2194 ut
283 2129 387 2211 aiunt,
402 2128 437 2194 id
453 2135 502 2195 est
516 2129 711 2196 adversante
725 2135 759 2194 et
775 2135 981 2215 repugnante
995 2136 1123 2194 natura.
1159 2129 1235 2195 Om-

227 2229 309 2296 nino
323 2231 351 2296 si
366 2231 544 2317 quicquam
560 2239 609 2297 est
623 2229 886 2314 decorum,nil1il
899 2230 1115 2319 'estprofccto
1130 2233 1235 2319 magis

228 2354 328 2422 quarn
340 2333 554 2420 aequabilitas
565 2352 641 2400 cam
652 2334 824 2402 universas
835 2333 934 2415 vitae,
945 2341 1016 2398 turn
1029 2333 1234 2420 singularum

229 2436 408 2518 lactionum,
426 2449 527 2523 qnam
549 2453 826 2502 conservareuon
845 2435 959 2523 possis,
978 2434 1005 2501 si
1024 2435 1264 2502 aliorumnas

228 2546 339 2605 turam
353 2537 488 2605 imitans
503 2531 636 2605 omittas
650 2545 752 2605 tuam.
792 2537 842 2604 Ut
857 2539 945 2603 euim
961 2525 1113 2604 sermone
1128 2561 1169 2605 eo
1183 2540 1236 2606 de

230 2641 346 2710 minus
359 2641 420 2726 uti,
432 2639 491 2730 qui
506 2641 639 2708 innatus
650 2648 699 2707 est
713 2641 819 2724 nobis,
834 2661 886 2724 ne,
897 2649 937 2706 ut
951 2641 1098 2726 qnidam,
1109 2641 1236 2708 Graeca

230 2747 331 2816 verba
344 2744 547 2814 inculcantes
562 2745 633 2810 iure
648 2743 776 2831 optimo
791 2741 966 2826 rideamur,
978 2745 1025 2810 sic
1040 2744 1075 2808 iu
1090 2746 1235 2812 actiones

228 2871 430 2934 omnemque
445 2849 549 2914 vitam
567 2846 692 2912 nullam
709 2846 960 2933 discrepantiam
976 2846 1127 2914 conferre
1142 2848 1236 2915 debe

165 2965 221 3020 112
233 2971 316 3016 mua.
361 2951 476 3035 Atque
490 2949 570 3016 haec
584 2948 773 3016 differentia
787 2955 977 3014 naturarum
993 2955 1119 3015 tantam
1138 2949 1264 3017 habeta

232 3051 313 3134 vim,
333 3058 376 3116 ut
398 3052 465 3116 non
490 3067 671 3138 numquam
696 3059 836 3117 mortem
861 3051 924 3116 sibi
947 3051 1019 3140 ipse
1037 3055 1236 3120 consciscere

233 3154 316 3220 alius
331 3152 458 3235 debeat,
470 3151 553 3218 alius
570 3154 618 3238 [iu
634 3153 748 3220 cadem
763 3155 874 3239 causa]
890 3175 956 3220 non
973 3154 1101 3221 debeat.
1143 3155 1180 3222 N
1182 3179 1235 3222 uun

233 3255 322 3324 euim
346 3254 409 3322 alia
430 3255 464 3320 iu
483 3273 579 3321 cansa
593 3255 641 3322 M.
653 3256 742 3323 'Cato
764 3255 920 3338 initalia
941 3257 1053 3340 ceteri,
1069 3257 1128 3344 qni
1147 3259 1234 3324 sein

232 3357 351 3425 Africa
381 3357 511 3425 Caesari
527 3359 769 3426 'tradideruntl
812 3359 920 3445 Atqui
949 3361 1066 3426 ceteris
1098 3361 1234 3428 forsitan

232 3457 316 3528 vitio
334 3461 448 3528 datum
466 3471 560 3546 esset,
578 3464 606 3528 si
628 3483 664 3528 se
683 3461 937 3544 interemissent,
952 3471 1127 3550 propterea
1149 3465 1263 3550 quoda
1340 3471 1341 3508 l

232 3560 340 3632 lenior
361 3587 475 3632 eorum
494 3567 563 3632 vita
584 3574 618 3632 et
640 3575 748 3630 mores
769 3560 915 3630 fucrant*
927 3551 1101 3650 faciliores,
1118 3567 1236 3634 (latoni

232 3689 308 3736 cnm
324 3659 737 3740 incredibilemtribuisset
754 3673 871 3732 natura
885 3667 1085 3755 gravitatem
1100 3689 1237 3758 eamque

156 1160 214 1214 110
