2710 4374
327 408 329 412 .
420 375 491 427 nna.
510 375 547 426 11.
584 375 664 427 car.
683 378 708 440 s,
724 377 749 426 r.
784 375 888 438 ssa-14.
1120 383 1162 446 83

145 532 182 590 et
203 524 386 591 secundum
405 525 483 590 deos
505 523 656 592 homines
673 525 864 594 hominibus
886 550 1041 596 maxume
1062 530 1161 596 utiles

147 648 217 693 esse
236 636 385 714 possunt.
429 627 619 715 Earumque
638 629 719 694 item
738 651 956 717 rerumquae
970 641 1109 698 noceant
1127 642 1208 699 ct12

146 729 268 812 obsint,
285 730 399 795 eadem
423 720 541 796 divisio
566 738 625 796 est.
671 731 737 796 Sed
757 734 835 818 quia
852 734 931 800 deos
953 756 1071 800 nocere
1092 757 1160 801 non

146 833 327 918 putant,iis
339 831 644 918 exceptishomines
655 833 845 900 hominibus
856 837 967 902 obesse
979 836 1161 924 plurimum

124 934 360 1000 sarbi-trantur.
406 933 454 999 Ea
469 935 558 1000 enirn
574 937 655 1022 ipsa,
667 956 751 1023 quae
766 937 912 1003 inanima
930 939 1083 1022 diximus,
1096 940 1162 1027 ple

129 1051 251 1122 ¹raquo
272 1044 350 1101 sunt
368 1034 541 1102 hominum
560 1038 668 1124 operis
690 1037 826 1122 effecta;
849 1061 933 1126 quae
952 1063 1013 1132 nec
1030 1041 1162 1108 habere-

148 1161 235 1221 mus,
245 1139 309 1204 nisi
324 1160 442 1203 manus
456 1145 490 1204 et
505 1159 556 1204 ars
571 1141 764 1224 accessisset,
774 1163 835 1208 nec
849 1142 890 1208 iis
904 1143 975 1209 sine
987 1143 1161 1210 hominum

149 1241 438 1307 administratione
463 1233 642 1308 uteremur.
698 1242 819 1331 Neque
847 1245 937 1311 enirn
964 1246 1163 1314 valetudinis

150 1345 278 1409 curatio
296 1365 404 1431 neque
422 1345 590 1431 navigatio
608 1367 717 1432 neque
734 1347 805 1432 agri
823 1347 951 1413 cultura
969 1371 1077 1436 neque
1094 1350 1163 1415 fru-

114 1471 142 1512 ιο
150 1468 233 1532 gum
248 1447 487 1533 fructuumque
504 1447 708 1534 reliquorum
724 1450 892 1536 perceptio
910 1459 943 1516 et
958 1453 1162 1518 conservatio

150 1549 223 1614 sine
240 1548 415 1614 hominurn
433 1571 532 1635 opera
549 1550 618 1614 ulla
638 1572 706 1616 esse
725 1552 894 1636 potuisset.
939 1551 1109 1619 Iavnvero
1129 1563 1210 1619 et13

151 1673 265 1717 earum
277 1673 398 1736 rerum,
408 1653 529 1738 quibus
540 1653 791 1736 abundarcmus,
800 1638 984 1744 asportatio
997 1664 1030 1720 et
1039 1677 1162 1740 earum,

151 1755 272 1840 quibus
287 1746 469 1841 egeremus,
479 1755 623 1822 invectio
639 1765 726 1822 certe
742 1756 833 1822 nulla
848 1764 942 1840 esset,
952 1758 1015 1823 nisi
1028 1757 1079 1823 his
1094 1781 1163 1824 rnu-

151 1857 286 1922 neribus
303 1846 455 1922 homines
472 1857 703 1944 fungerentur.
748 1857 939 1946 Eademque
957 1861 1084 1926 ratione
1102 1883 1163 1929 nec

116 1959 279 2045 uslapides
298 1981 340 2024 ex
358 1967 445 2024 terra
465 1959 695 2026 exciderentur
714 1961 755 2052 ad
774 1983 870 2026 usum
889 1970 1163 2054 nostrumneces

151 2061 238 2144 sarii,
254 2082 315 2126 noc
338 2064 358 2098 “
367 2050 510 2144 ferrum,
521 2051 584 2144 aes,
600 2083 727 2144 aurum,
743 2065 944 2150 argentum''
962 2065 1163 2132 effoderetur

152 2164 316 2251 “penitus
344 2165 495 2230 abditum
505 2164 524 2198 ''
555 2165 626 2230 sins
651 2165 823 2231 hominum
839 2167 961 2256 labore
990 2176 1024 2234 et
1049 2191 1161 2235 manu.

152 2259 254 2334 Tecta
276 2289 365 2349 vero,
381 2268 502 2354 quibus
524 2275 557 2332 ot
575 2267 739 2355 frigorum
757 2270 809 2334 vis
826 2270 1006 2356 pelleretur
1027 2278 1061 2336 et
1080 2271 1202 2340 calo-4

151 2393 227 2436 rum
250 2370 420 2436 molestiae
442 2359 643 2454 sedarentur,
659 2372 748 2438 unde
770 2381 828 2436 ant
849 2373 946 2462 initio
968 2374 1083 2460 generi
1105 2374 1162 2438 hu·

117 2492 251 2540 romano
277 2474 348 2538 dari
370 2473 554 2560 potuissent
579 2481 636 2538 aut
658 2482 771 2560 postea
798 2475 977 2558 subveniri,
995 2476 1024 2540 si
1048 2485 1106 2541 aut
1128 2477 1162 2540 vi

150 2572 365 2664 tempestatis
380 2584 438 2641 aut
455 2583 561 2642 terrae
582 2584 676 2642 motu
697 2583 755 2641 aut
773 2585 936 2642 vetustate
952 2577 1162 2667 cecidissent,

150 2681 215 2745 nisi
231 2679 416 2744 communis
432 2678 500 2744 vita
518 2679 559 2744 ab
574 2677 765 2744 hominibus
780 2678 897 2768 harum
912 2699 1023 2742 rerum
1042 2679 1164 2743 auxilia

151 2789 265 2868 petere
281 2773 469 2846 didicissetl
513 2780 614 2845 Adde
629 2780 748 2846 ductus
762 2800 931 2868 aquarum,
944 2778 1163 2846 derivationes
1174 2795 1211 2850 14

151 2883 341 2966 fluminum,
353 2905 507 2972 agrorum
522 2871 749 2971 inrigationes‚
762 2880 865 2946 moles
880 2881 1046 2968 oppositas
1060 2880 1164 2948 flucti-

118 2987 224 3068 asbus‚
234 2995 349 3073 portus
362 3008 462 3051 rnann
473 2986 588 3068 factos,
597 3006 682 3072 quae
694 2983 782 3079 unde
796 2983 867 3049 sins
879 2983 1051 3050 homiuum
1064 3007 1165 3072 opere

152 3092 275 3158 habero
296 3092 507 3178 possemusl
530 3091 582 3160 Ex
604 3091 725 3178 quibus
747 3089 926 3183 multisque
948 3089 1021 3156 aliis
1040 3093 1165 3179 perspi-

152 3217 254 3260 cuum
279 3202 338 3278 est,
354 3195 413 3280 qui
431 3179 731 3280 fructus'quaeque
753 3192 914 3258 utilitates
935 3195 976 3258 ex
994 3196 1091 3259 rebus
1113 3196 1163 3279 iis,

152 3287 238 3384 quas
259 3297 327 3362 sint
348 3297 523 3380 inanimae,
541 3297 775 3382 percipiantur,
794 3317 847 3362 eas
869 3317 929 3360 nos
950 3295 1042 3384 nullo
1064 3298 1164 3362 modo

153 3401 225 3466 sine
236 3400 411 3466 hominurn
427 3421 526 3464 manu
538 3407 636 3492 atque
652 3419 750 3484 opcra
765 3389 881 3486 capere
897 3399 1050 3484 potuisse.
1096 3398 1164 3478 Qui

119 3503 299 3590 eodeniqne
321 3525 362 3567 ex
386 3487 498 3567 bestiis
520 3500 648 3568 fructus
673 3509 730 3566 aut
752 3523 839 3592 quae
858 3503 1081 3588 commoditas,
1101 3504 1165 3568 nisi

130 3640 134 3648 ·
154 3605 306 3673 homines
321 3605 526 3687 adiuvarent,
536 3604 661 3696 percipi
676 3605 807 3692 possetl
850 3603 939 3669 Nam
955 3612 988 3670 et
1004 3605 1063 3691 qni
1077 3606 1165 3691 prin·

154 3709 244 3798 cipes
261 3707 455 3775 inveniendi
469 3706 618 3790 fuerunt,
630 3726 730 3793 quern
748 3727 789 3771 ex
807 3708 936 3792 quaque
955 3704 1051 3770 belua
1067 3709 1165 3772 usum
