2710 4374
202 376 265 442 100
593 374 645 428 DE
666 373 819 430 omens

202 526 300 594 latius
314 533 426 616 pateat
440 531 474 594 et
485 526 588 616 possit
599 527 752 616 prodesse
762 525 932 615 pluribns3
949 545 1195 612 nonnumquam

202 640 311 698 tamen
328 639 378 698 est
395 631 614 720 largiendum,
630 652 691 697 nec
708 629 771 696 hoe
789 629 1004 717 benignitatis
1021 650 1125 716 genus
1141 651 1198 694 onr-

201 735 282 801 niuo
304 734 545 822 repudiandum
564 743 614 800 est
631 741 665 799 et
686 753 782 820 saepe
803 732 930 798 idoneis
951 731 1141 797 hominibus
1159 731 1200 794 in·

202 837 393 926 digentibus
408 837 450 903 de
460 858 497 904 re
510 835 668 902 familiari
685 835 941 923 inpediendum,
957 834 1014 899 sed
1032 833 1203 920 diligenter

202 949 302 1028 atquo
317 940 504 1022 moderate3
520 939 618 1004 multi
633 938 722 1004 enirn
740 937 938 1025 patrimonia
955 935 1147 1002 effuderunt
1162 936 1204 998 in·
1219 961 1231 1000 a

203 1041 350 1110 consulte
375 1041 555 1128 largiendo.
600 1040 692 1120 Quid
717 1047 829 1106 antem
859 1047 909 1105 est
938 1038 1072 1104 stultius
1102 1059 1205 1124 quam,

202 1145 292 1230 quod
314 1143 456 1210 libenter
477 1143 589 1227 iacias,
604 1165 729 1225 curare,
745 1150 784 1208 ut
805 1143 841 1208 id
863 1141 989 1207 diutins
1007 1135 1124 1206 'faeere
1144 1162 1206 1206 non

202 1245 325 1334 possisl
349 1247 464 1333 Atque
492 1247 592 1312 etiarn
615 1253 799 1332 sequnntur
821 1244 1030 1330 largitionem
1059 1243 1208 1330 rapinae;

202 1369 279 1414 cnm
294 1349 383 1414 enim
400 1348 508 1415 dando
524 1370 620 1434 egere
638 1353 830 1434 coeperunt,
848 1346 964 1411 alienis
981 1346 1078 1412 bonis
1097 1339 1209 1410 uranus

202 1449 320 1517 afferro
338 1459 509 1539 coguntur.
547 1449 610 1534 Ita,
626 1447 701 1517 cum
717 1447 959 1516 benivolentiae
974 1449 1208 1536 comparandae
1215 1472 1237 1514 n

203 1575 298 1620 cansa
313 1553 452 1620 benefici
467 1575 535 1620 esse
551 1553 666 1635 velint,
682 1573 748 1617 nou
764 1559 855 1616 tanta
871 1551 979 1616 studia
993 1561 1210 1638 assequuntur

202 1679 326 1740 eorum,
349 1657 470 1743 quibus
491 1655 665 1737 dederunt,
691 1663 816 1740 quanta
838 1653 913 1720 odia
938 1676 1064 1736 eornm,
1092 1655 1210 1741 quibus

156 1773 194 1825 55
204 1759 406 1826 ademerunt.
452 1758 560 1836 Quam
583 1759 714 1824 obrem
734 1778 795 1823 nee
816 1757 863 1821 ita
885 1756 1067 1822 claudenda
1089 1779 1142 1822 res
1163 1764 1209 1823 est

203 1861 384 1944 familiaris,
401 1869 438 1926 nt
453 1881 524 1926 earn
541 1859 728 1946 benignitas
742 1859 868 1946 aperire
883 1879 948 1924 non
965 1859 1078 1945 possit,
1090 1881 1151 1926 nec
1165 1861 1209 1924 ita

204 1963 387 2044 reseranda,
403 1970 441 2028 nt
456 1971 566 2049 pateat
581 1961 752 2042 omnibns3
769 1961 885 2038 modus
899 1960 1105 2043 adhibeatur,
1117 1962 1237 2048 isqneu

205 2065 367 2130 referatnr
381 2066 422 2129 ad
441 2064 623 2130 iacrrltatcs.
669 2063 816 2129 Omnino
835 2064 1023 2130 meminisse
1041 2064 1206 2146 debemus,

203 2167 237 2232 id
253 2166 341 2254 qnod
357 2188 376 2231 a
391 2169 512 2232 nostris
526 2166 717 2234 hominibus
729 2167 919 2253 saepissime
935 2159 1206 2253 usnrpatmn'inrn

203 2270 238 2335 in
260 2269 428 2356 proverbii
458 2271 731 2336 consuetudinem
754 2269 857 2352 venit,
874 2269 1113 2357 “largitionem
1136 2271 1207 2336 fan-

203 2372 283 2438 dnm
298 2393 365 2438 non
381 2371 500 2438 habere
511 2373 540 2455 ;'’
556 2374 680 2440 etenim
696 2373 770 2460 quis
784 2381 893 2460 potest
909 2373 1027 2438 modus
1042 2395 1121 2456 esse,
1135 2397 1205 2440 cnm

204 2484 237 2540 et
252 2475 351 2558 idern,
367 2473 425 2562 qui
442 2483 652 2558 consuerunt,
668 2484 702 2540 et
719 2475 810 2540 idem
827 2475 912 2540 illnd
929 2475 984 2540 alii
1004 2475 1234 2542 desiderentur

158 2573 201 2642 1⁶
207 2577 352 2644 Omnino
367 2578 434 2644 dno
448 2587 526 2643 sunt
540 2599 661 2664 genera
675 2576 852 2664 largorum,
868 2598 1008 2663 qnorum
1027 2577 1124 2644 alteri
1139 2599 1206 2665 pro·

203 2681 282 2769 digi,
298 2681 390 2747 alteri
407 2680 575 2761 liberales3
595 2680 735 2766 prodigi,
748 2681 806 2767 qni
822 2681 929 2766 epulis
944 2689 977 2746 ct
990 2681 1206 2747 viscerationi-

203 2785 265 2852 bus
279 2794 313 2852 et
323 2784 543 2871 gladiatorum
559 2783 750 2848 muneribus
762 2779 916 2848 ludorum
929 2775 1205 2871 venationumque

203 2898 360 2973 apparatu
382 2886 537 2972 pecunias
554 2883 764 2972 profundunt
782 2885 816 2949 in
836 2907 968 2969 caereo,
987 2907 1126 2972 quarum
1146 2909 1206 2952 rne-

156 2990 341 3054 somoriam
356 2996 414 3052 aut
428 2987 562 3054 brevem
580 2995 637 3052 ant
655 2987 781 3053 nnllam
805 2988 941 3054 omnino
963 2989 1030 3054 sint
1052 2989 1233 3072 relicturam

203 3088 353 3153 liberales
367 3094 488 3171 antem,
504 3091 561 3176 qni
577 3091 644 3156 snis
660 3090 873 3156 facultatibus
887 3098 944 3156 aut
959 3099 1074 3178 captos
1088 3115 1108 3157 a
1122 3113 1207 3179 prae-

203 3191 345 3256 donibus
359 3189 527 3256 redimunt
538 3201 595 3257 aut
608 3215 663 3259 aas
678 3191 823 3260 alienum
835 3194 1017 3281 suscipiunt
1029 3186 1206 3262 amicornm

203 3300 260 3358 ant
274 3291 310 3356 iu
325 3289 468 3356 filiarum
481 3292 694 3361 collocatione
709 3296 867 3362 adiuvant
879 3305 936 3362 aut
951 3296 1158 3383 opitulantur
1173 3298 1206 3361 in

135 3400 238 3482 (eolre
255 3393 308 3459 vel
325 3394 511 3481 quaerenda
528 3396 583 3462 vel
600 3398 760 3484 erigenda.
804 3394 922 3486 Itaque
945 3401 1055 3481 miror,
1072 3388 1162 3485 qnid¹
1173 3400 1213 3464 in‘

204 3505 348 3563 ruentem
362 3498 490 3563 venerit
501 3497 728 3586 Theophrasto
743 3502 778 3566 in
794 3523 833 3567 eo
849 3502 944 3584 libro,
957 3523 1054 3587 quem
1071 3503 1114 3567 de
1128 3491 1234 3568 diri-ao

203 3601 259 3665 tiis
274 3598 407 3687 scripsit
413 3621 422 3683 ;
444 3601 479 3665 in
494 3622 560 3688 quo
577 3602 681 3668 mnlta
695 3603 869 3690 praeclare,
885 3602 968 3668 illud
984 3594 1141 3670 absurde:
1157 3613 1207 3670 'est

204 3702 294 3770 enim
311 3701 435 3768 multus
449 3702 484 3766 in
503 3703 666 3769 laudanda
684 3701 930 3792 magnificentia
947 3713 982 3770 et
999 3707 1207 3792 apparatione
