2734 4362
187 343 229 406 22
578 333 630 386 na
651 332 806 386 orarcns

186 495 300 570 tatem,
315 486 393 574 quia
408 484 493 550 nihil
507 482 685 550 conferunt
699 483 734 548 in
749 503 822 549 eam
837 482 950 568 studii,
965 483 1051 550 nihil
1066 507 1196 573 operae,

186 589 272 656 nihil
286 587 493 656 facultatum.

231 691 373 771 Quando
384 691 488 780 igitur
499 691 628 758 duobus
639 689 1008 778 generibusiniuetitiac
1019 693 1198 778 propositis

187 795 399 862 adiunximus
421 814 531 860 causas
548 793 722 878 utriusque
742 791 875 880 generis
899 812 1019 879 easque
1044 813 1098 858 res
1120 803 1197 858 ante

187 897 429 980 constituimus,
447 896 568 983 quihus
584 895 711 960 iustitia
728 894 964 977 contineretur,
982 894 1092 978 facile,
1108 897 1197 982 quod
1220 919 1235 958 a
1337 953 1338 956 ,

188 1001 346 1086 cuiusque
363 998 523 1085 temporis
540 996 685 1064 officinm
702 997 756 1080 sit,
774 995 966 1083 poterimus,
985 997 1049 1062 nisi
1068 1007 1199 1063 nosmet

188 1102 277 1188 ipsos
293 1099 388 1166 valde
402 1099 594 1181 amabimus,
610 1098 775 1180 iudicare;
793 1106 843 1164 est
858 1099 948 1164 enim
964 1097 1198 1165 difficiliscura

141 1220 180 1274 3ο
190 1223 300 1268 rerum
309 1200 500 1268 alienarum.
523 1201 733 1288 Quamquam
744 1199 962 1266 Terentianus
973 1200 1029 1266 illc
1039 1201 1198 1268 Chremes

189 1302 356 1368 “humani
375 1303 459 1368 nihil
480 1325 552 1370 ase
570 1303 715 1370 alienum
738 1310 835 1390 putat
845 1301 874 1384 ;''
899 1303 956 1368 sed
980 1309 1102 1386 tumen,
1120 1305 1197 1391 quia

188 1406 294 1494 magis
311 1427 350 1472 ea
367 1405 569 1495 percipimus
585 1413 685 1490 atque
706 1405 876 1488 sentimus,
894 1425 979 1492 quae
1000 1405 1096 1471 nobie
1117 1406 1233 1492 ipsisne

189 1517 247 1575 aut
272 1531 428 1598 prospera
453 1517 511 1575 aut
536 1508 673 1574 advorsa
701 1508 871 1590 eveniunt,
897 1529 997 1594 quam
1022 1507 1089 1591 illa,
1114 1530 1197 1596 quae

189 1613 316 1696 ceteris,
332 1634 416 1701 quae
431 1612 522 1699 quasi
538 1610 639 1698 longo
654 1609 829 1676 intervallo
846 1609 1020 1676 interiecto
1036 1610 1195 1692 videmus,

190 1716 286 1782 aliter
302 1715 345 1781 dc
362 1715 429 1780 illis
450 1735 488 1780 ac
509 1714 552 1780 dc
574 1713 670 1780 nobis
691 1712 884 1779 iudicamus.
929 1713 1092 1790 Quocirca
1114 1714 1197 1780 benc

190 1817 408 1905 praecipiunt,
427 1815 485 1902 qui
503 1821 617 1881 vetant
634 1815 812 1902 quicquam
834 1837 940 1902 agera,
955 1815 1045 1901 quod
1068 1815 1197 1882 dubites

191 1940 335 2006 aequum
349 1918 393 1984 sit
409 1938 452 1982 au
467 1917 629 2004 iniquum.
667 1918 830 2004 Aequitas
845 1917 936 1984 enim
951 1916 1039 1984 lucet
1054 1918 1125 2004 ipsa
1139 1940 1232 2005 perus

147 2043 236 2158 lose,
252 2020 416 2087 dubitatio
431 2020 665 2108 cogitationem
679 2019 845 2107 significat
859 2020 1007 2086 iniuriae.

236 2123 302 2190 Sed
324 2123 475 2190 incidunt
497 2144 550 2188 sae
574 2145 593 2188 e
615 2131 683 2190 tem
709 2144 765 2188 ora
790 2145 868 2190 cum
885 2145 924 2190 ea
972 2145 1035 2191 uae
1055 2125 1198 2191 maxime

145 2183 350 2292 31videntur
366 2225 467 2312 digna
488 2145 661 2291 essepiusto
679 2145 814 2291 llomlne
836 2145 1066 2312 eoquh,qquem
1089 2229 1195 2292 virum

194 2329 319 2394 bonum
347 2328 496 2410 dicimus,
523 2335 769 2394 commutantur
793 2326 945 2415 fiuntque
967 2331 1138 2413 contraria,
1156 2339 1198 2412 ‚ut

193 2431 330 2497 reddere
355 2430 553 2518 depositum,
578 2429 687 2496 facere
712 2430 929 2520 promissum3
951 2453 1101 2519 quaeque
1130 2455 1232 2519 per-ao

193 2533 301 2600 tinent
316 2533 357 2600 ad
376 2533 549 2600 veritatem
567 2541 601 2599 ct
619 2533 659 2599 ad
678 2530 790 2614 fidem,
808 2554 847 2598 ea
867 2534 1010 2621 migrare
1031 2535 1198 2601 interdum

192 2645 228 2703 et
245 2658 311 2704 non
334 2658 464 2704 servare
486 2636 525 2702 fit
542 2636 677 2702 iustum.
722 2633 857 2700 Referri
874 2637 964 2701 enim
982 2636 1076 2704 decet
1094 2637 1196 2720 adea,

192 2762 277 2828 quae
294 2741 389 2829 posui
405 2740 578 2829 principio,
593 2738 812 2804 fundamenta
829 2738 983 2822 iustitiae,
998 2741 1144 2826 primum
1161 2747 1197 2804 ut

193 2864 236 2908 ne
253 2846 307 2910 cui
325 2853 491 2926 noceatur,
507 2842 627 2908 deinde
641 2850 680 2907 ut
694 2841 863 2907 communi
878 2841 1015 2906 utilitati
1030 2844 1196 2908 serviatur.

193 2942 242 3008 Ea
264 2966 340 3009 cum
362 2952 513 3030 tempore
535 2951 788 3026 commntantur,
811 2952 1033 3010 commutatur
1058 2945 1230 3012 officiumst

147 3061 184 3114 32
195 3054 229 3112 et
243 3066 310 3110 non
326 3065 455 3130 scrupea·
469 3051 519 3109 est
533 3043 632 3108 idem.
669 3043 784 3110 Potest
799 3045 890 3110 enim
904 3046 1050 3112 accidere
1069 3049 1199 3134 promis

194 3169 268 3216 sum
283 3145 417 3233 aliquod
432 3153 466 3211 et
480 3153 692 3229 conventum,
704 3155 743 3212 ut
757 3147 793 3212 id
807 3147 892 3214 effici
908 3149 951 3214 sit
962 3149 1081 3216 inutile
1093 3151 1144 3216 vel
1160 3151 1198 3232 ei,

195 3251 249 3318 eui
266 3249 465 3336 promissum
483 3249 534 3331 sit,
553 3247 607 3315 vel
625 3249 665 3332 ei,
682 3249 740 3336 qni
757 3251 956 3336 promiserit.
1000 3251 1035 3318 N
1038 3274 1091 3318 am
1108 3254 1146 3336 si,
1163 3261 1199 3318 ut

194 3354 229 3418 in
245 3350 368 3418 fabulis
383 3358 442 3434 est,
458 3349 647 3438 Neptunus,
663 3351 752 3438 quod
768 3351 895 3419 Theseo
914 3355 1119 3440 promiserat,
1135 3377 1198 3422 non

194 3455 337 3536 fecisset,
354 3451 499 3520 Theseus
514 3452 702 3541 Hippolyto
717 3451 787 3520 filio
805 3476 872 3520 non
889 3463 973 3521 esset
988 3457 1139 3540 orbatus3
1161 3479 1229 3523 enac

194 3557 301 3624 tribus
315 3555 406 3622 enim
421 3557 551 3644 optatis,
563 3567 602 3622 ut
617 3556 780 3638 scribitur,
793 3554 855 3622 hoc
870 3565 939 3622 erat
955 3559 1101 3642 tertium,
1114 3560 1199 3646 qnod

195 3660 237 3727 dc
252 3658 432 3748 Hippolyti
448 3660 586 3726 interitu
600 3660 704 3724 iratus
719 3659 866 3745 optavit3
888 3681 955 3746 quo
972 3662 1149 3750 impetrato
1166 3666 1197 3728 in
