2734 4362
206 345 249 408 36
519 353 521 360 v
599 339 650 394 nn
672 339 844 394 ornans.

206 493 323 578 omnis,
339 491 533 582 amplitudo,
549 490 636 558 addo
655 491 756 558 etiam
775 490 964 575 utilitatem,
979 491 1015 556 in
1033 493 1216 579 posteriore
1338 525 1340 578 ς

205 605 265 681 est,
276 617 374 664 causa
390 605 502 662 autem
520 602 555 662 et
572 595 657 662 ratio
674 593 819 662 efficiens
838 616 974 683 magnos
992 595 1132 682 virosin
1149 598 1215 683 pri·
1338 583 1340 668 l

206 721 281 783 ore3
303 700 337 766 in
357 721 396 766 eo
418 707 468 766 est
485 699 575 764 euim
594 696 688 780 illud,
703 697 791 784 quod
810 697 1009 764 excellentes
1031 699 1158 764 animos
1179 707 1215 763 et
1338 677 1340 710 ³

205 803 348 870 humana
363 809 612 870 contemnentes
627 800 718 866 facit.
762 799 803 866 Id
816 808 926 866 autern
942 801 1051 888 ipsum
1067 801 1215 867 cernitur

205 907 241 972 in
252 907 390 996 duobus,
400 905 428 972 ei
443 913 477 972 et
491 903 599 971 solum
613 903 659 988 id,
669 903 758 990 qnod
773 902 947 970 honestum
963 905 1016 988 sit,
1026 905 1152 970 bonum
1165 905 1215 970 iu·
1232 927 1247 968 c

205 1009 295 1076 dices
314 1017 348 1076 et
366 1009 407 1075 ab
425 1008 516 1075 omni
536 1007 639 1074 animi
657 1007 905 1094 perturbatione
922 1006 1006 1073 liber
1025 1008 1079 1072 sis.
1122 1006 1213 1074 Nam

205 1120 241 1179 et
251 1134 298 1194 ea,
309 1133 393 1198 quae
407 1111 527 1178 eximia
538 1109 703 1197 plerisque
717 1117 752 1176 et
763 1109 928 1197 praeclara
940 1109 1105 1192 videntur,
1113 1131 1214 1197 parva

206 1215 326 1280 ducere
341 1235 443 1300 eaque
456 1214 582 1280 rationo
597 1213 706 1278 stabili
720 1211 879 1300 firmaque
894 1220 1106 1279 contemnere
1116 1214 1214 1280 fortis

205 1317 309 1384 animi
334 1317 511 1405 magnique
537 1315 725 1382 ducendum
751 1323 811 1398 est,
827 1323 861 1382 et
886 1337 934 1398 ea,
950 1316 1215 1404 quaevide'ntnr

205 1421 330 1504 acerba,
346 1442 430 1508 quae
447 1419 553 1486 multa
571 1425 606 1484 et
624 1419 713 1484 varia
733 1419 767 1484 iu
786 1418 959 1486 hominum
980 1419 1050 1484 vita
1067 1419 1245 1486 fortuna-n

156 1581 159 1588 .
205 1545 271 1612 que
287 1532 468 1605 versantur,
483 1523 530 1589 ita
547 1521 645 1604 ferre,
661 1529 700 1587 ut
717 1521 802 1586 nihil
819 1543 839 1587 a
855 1528 944 1586 statu
961 1529 1098 1588 naturae
1115 1523 1214 1589 disee

204 1627 274 1710 das,
290 1626 373 1692 nihil
392 1647 412 1692 a
429 1625 592 1713 dignitate
611 1624 778 1711 sapientis,
794 1622 921 1690 robusti
938 1624 1041 1688 animi
1059 1631 1109 1690 est
1127 1647 1214 1712 mag·

159 1738 197 1792 68
206 1751 332 1816 uaeque
343 1729 554 1796 constantiae.
598 1726 677 1793 Non
693 1735 864 1792 astantem
879 1729 1213 1815 consentaneum,qui

207 1840 297 1897 metu
313 1853 380 1898 non
396 1830 577 1917 frangatur,
590 1851 667 1896 eurn
682 1829 792 1916 frangi
810 1829 990 1916 eupiditate
1005 1850 1075 1912 nec,
1087 1831 1146 1917 qui
1163 1831 1213 1894 in.-

206 1931 1065 2020 victnmscelaborepraestiterit,vineiavolnptate.
1104 1931 1244 2010 Quamu

206 2035 249 2100 ob
265 2055 334 2099 rem
351 2043 385 2100 et
400 2032 478 2100 haee
493 2035 628 2100 vitanda
641 2043 675 2100 et
687 2035 846 2122 pecuniae
857 2034 1017 2120 fugienda
1031 2035 1211 2122 eupiditas;

205 2136 291 2202 nihil
308 2136 397 2203 enim
420 2144 470 2202 est
487 2145 555 2202 tam
573 2139 705 2224 angusti
727 2137 830 2203 animi
848 2143 981 2224 tamque
999 2139 1210 2224 parviquarn

205 2260 314 2306 amare
329 2239 471 2321 divitias,
484 2239 567 2304 nihil
583 2239 751 2305 honestius
766 2239 1097 2328 magnificentiusque
1113 2261 1209 2326 quam

206 2341 378 2429 pecuniam
397 2349 616 2424 contemnere,
632 2341 660 2408 si
680 2364 746 2408 non
765 2341 936 2426 heberaei
954 2341 1139 2425 habens,ad
1160 2343 1226 2409 be-‘

205 2443 412 2510 nefioentiam
424 2443 720 2531 liberalitatemque
735 2445 896 2512 conferre.
941 2445 1095 2511 (lavanda
1111 2447 1206 2511 etiam
1217 2469 1241 2510 a

204 2555 254 2614 est
271 2548 395 2636 gloriae
416 2549 588 2637 cupiditas,
604 2557 642 2614 ut
660 2569 757 2634 supra
775 2547 865 2629 dixi;
887 2548 986 2634 eripit
1008 2549 1098 2614 enim
1116 2549 1209 2616 liber·

204 2661 316 2737 tatem,
328 2675 388 2741 pro
403 2675 469 2740 qua
486 2651 706 2739 magnanimis
722 2651 801 2715 viris
819 2651 926 2716 omnis
940 2651 1039 2718 debet
1053 2660 1122 2718 esse
1137 2674 1208 2718 con-

116 2830 122 2841 ,
203 2759 317 2824 tentio.
363 2755 435 2824 Nec
450 2779 528 2822 vero
543 2755 681 2842 imperia
696 2753 879 2840 expetenda
893 2775 931 2820 aa
945 2754 1056 2840 potins
1070 2763 1128 2820 aut
1142 2761 1205 2820 uon

203 2861 391 2946 accipienda
419 2859 585 2924 interdum
616 2865 674 2922 aut
699 2856 895 2942 deponenda
922 2878 990 2922 non
1016 2865 1206 2944 numquam.

155 2959 398 3026 tollerandum
421 2968 533 3024 autem
555 2960 646 3025 omni
667 2966 716 3024 est
737 2959 840 3024 animi
858 2960 1116 3045 perturbatione,
1132 2969 1237 3026 onmes

202 3062 384 3148 cupiditate
402 3070 435 3126 et
451 3069 551 3142 metu,
564 3070 635 3128 turn
652 3062 750 3127 etiam
766 3061 974 3148 aegritudine
989 3071 1024 3128 et
1039 3062 1206 3150 voluptate

202 3164 305 3232 nimia
327 3171 361 3228 et
382 3163 560 3246 iracundia,
576 3172 614 3229 ut
631 3164 852 3252 tranquillitas
873 3165 977 3229 animi
998 3172 1032 3230 et
1053 3167 1205 3232 securitas

201 3266 296 3349 adsit,
309 3287 392 3352 quae
412 3265 508 3332 affert
526 3288 600 3333 enm
618 3268 845 3350 constantiam,
857 3275 930 3332 tum
949 3267 1049 3334 etiam
1067 3269 1204 3356 dignitez

201 3376 280 3434 tem.
324 3367 425 3433 Multi
443 3377 552 3435 antem
572 3377 606 3436 et
623 3377 701 3434 sunt
717 3377 752 3435 et
769 3369 916 3452 fuerunt,
931 3370 990 3455 qui
1008 3391 1091 3452 eam,
1107 3393 1203 3457 quam

201 3471 285 3554 dico,
300 3471 573 3557 tranquillitatem
596 3479 788 3558 expetentes
807 3494 826 3536 a
844 3472 1149 3558 negotiis'publieis
1171 3495 1233 3539 sero

200 3573 402 3640 removerint
417 3575 457 3640 ad
473 3575 644 3662 otiumque
659 3574 887 3662 perfugerint3
909 3575 943 3640 in
960 3573 1011 3640 his
1026 3583 1060 3642 et
1075 3576 1203 3642 nobilis

162 3737 167 3748 .
183 3676 276 3748 ssimi
290 3677 477 3770 philosophi
496 3677 659 3764 longeque
673 3677 839 3762 principes
856 3676 1040 3762 etquidem
1054 3676 1202 3769 homines
