2734 4362
383 421 452 474 LIB.
471 424 493 475 I.
529 423 609 474 OAP.
628 425 730 475 ffl-'SZ
767 420 782 485 5
799 425 923 476 109-115.
1118 423 1160 488 53

147 574 219 660 ipso
231 581 393 662 perpetua
407 574 589 640 constantia
599 573 818 641 roboravisset
831 594 1026 662 semperque
1040 573 1078 638 in
1087 595 1160 662 pro

147 677 257 764 posito
282 685 499 764 susceptoque
521 676 659 744 oonsilio
686 677 925 764 permansisset,
948 676 1159 744 moriendum

146 780 380 866 potiusquam
402 780 540 866 tyranni.
559 779 674 846 vultus
695 779 902 867 aspiciendus
923 780 1001 846 fuit.
1048 779 1226 858 Quemne

146 881 254 948 multa
275 904 389 969 passus
411 891 461 948 est
485 881 661 966 Utixesin
687 881 745 948 illo
764 904 876 950 errore
897 883 1066 966 diuturno,
1082 903 1158 950 cnm

121 992 182 1052 set
197 983 401 1072 mulieribus,
414 984 441 1050 si
457 983 553 1051 Circe
563 993 603 1050 et
617 983 761 1073 Calypso
773 985 930 1052 mulieres
944 984 1159 1074 appellandae

147 1094 238 1168 sunt,
249 1086 424 1154 inserviret
439 1095 473 1152 et
488 1087 522 1154 in
538 1088 794 1156 omnisermone
809 1088 964 1162 omnibus
979 1088 1160 1156 adfabilem

149 1188 416 1274 [eriscundum]
430 1211 561 1256 'essese
579 1189 699 1256 uellet!
721 1190 812 1258 domi
831 1213 910 1257 vero
930 1192 1031 1258 etiam
1047 1201 1161 1259 contu·

147 1291 265 1360 melias
286 1291 739 1379 servorumeneillarnmque
760 1293 909 1381 pertulit,
924 1302 962 1360 nt
981 1294 1025 1362 ad
1047 1294 1083 1361 id
1104 1294 1161 1360 ali·

146 1392 292 1480 quando,
308 1393 398 1480 quod
416 1394 734 1482 cupiebatreniret.
779 1396 830 1460 At
848 1395 948 1478 Aiax,
963 1418 1031 1483 quo
1048 1397 1160 1464 enimo

107 1515 138 1560 no
147 1496 300 1578 traditur,
313 1495 422 1564 milies
436 1505 593 1584 oppetere
607 1506 749 1562 mortem
766 1519 866 1584 quarn
882 1497 941 1562 illa
951 1499 1082 1585 perpeti
1095 1519 1161 1564 ma·

145 1599 271 1666 luisset.
305 1597 400 1677 Qrsce
414 1599 677 1687 contemplantes
690 1599 878 1686 expendere
892 1600 1069 1688 oportebit,
1077 1600 1159 1687 quid

145 1702 287 1788 quisque
305 1700 423 1768 habeat
441 1701 502 1784 sui,
518 1723 622 1788 eaque
639 1701 803 1770 moderari
820 1723 883 1768 nec
899 1701 986 1768 velle
1005 1702 1158 1790 experiri,

145 1825 247 1890 quem
270 1826 308 1869 se.
326 1803 433 1870 aliena
453 1804 610 1887 deceant3
636 1805 672 1870 id
698 1805 790 1870 enim
816 1808 971 1872 maxume
993 1826 1159 1892 quemque

144 1906 250 1988 decet,
266 1905 355 1992 qood
373 1915 422 1971 est
440 1907 601 1993 cuiusque
617 1927 773 1972 maxume
793 1928 901 1974 sunm.
944 1906 1056 1973 Secum
1072 1909 1226 1994 quis-114

106 2029 213 2094 mque
235 2008 340 2096 igitur
361 2016 474 2076 noscat
496 2009 670 2096 ingenium
692 2031 865 2096 aeremque
884 2031 918 2075 se
938 2019 973 2076 et
994 2010 1158 2078 bonomm

144 2120 181 2176 et
198 2110 358 2178 vitiorum
372 2133 507 2176 suorum
525 2111 669 2178 iudicem
684 2112 850 2199 praebeat,
864 2133 908 2178 ne
924 2113 1063 2180 scaenici
1082 2113 1157 2200 plus

143 2223 246 2301 qnam
262 2235 321 2280 nos
337 2214 513 2282 videantur
526 2213 647 2281 habere
661 2215 867 2302 prudentiae.
912 2214 970 2282 Illi
985 2217 1076 2282 enim
1088 2238 1156 2283 non

144 2324 308 2402 optumas,
320 2316 381 2388 sed
398 2316 463 2382 sibi
479 2317 844 2384 accommodatissumas
861 2317 990 2384 fabulas
1008 2318 1156 2406 eligunt3

143 2419 205 2504 qni
227 2440 308 2484 voce
329 2418 410 2486 freti
435 2426 523 2502 sunt,
542 2418 711 2506 Epigonus
733 2419 950 2508 Medumque,
968 2421 1027 2508 qni
1049 2429 1156 2508 gestu,

107 2519 382 2608 aoMelani-ppam,
391 2520 656 2609 Clytemestram,
666 2545 797 2610 semper
808 2523 974 2610 Rupilius,
982 2545 1083 2610 quem
1093 2545 1157 2610 ego

144 2623 295 2705 memini,
305 2624 500 2711 Antiopam,
512 2646 578 2691 non
594 2631 692 2713 saepe
703 2626 858 2712 Aesopus
873 2625 1021 2690 Aiacem.
1066 2624 1157 2710 Ergo

143 2725 266 2797 histrio.
277 2725 338 2793 hoc
354 2726 481 2794 videbit
495 2727 530 2792 i'n
546 2749 674 2812 masna,
685 2750 751 2794 uon
767 2725 896 2792 videbit
910 2727 1039 2812 sapiens
1053 2727 1106 2790 vir
1120 2727 1155 2793 in

144 2829 235 2894 vitat
278 2830 335 2896 Ad
350 2851 432 2917 quas
446 2830 551 2918 igitur
565 2853 617 2896 res
631 2830 794 2918 aptissimi
809 2829 942 2911 erimus,
954 2828 988 2892 in
1005 2829 1045 2894 iis
1059 2829 1158 2915 potis·

144 2929 267 2996 simum
288 2930 547 3013 elaborabimus3
569 2931 621 2996 sin
641 2929 818 3017 aliquando
841 2927 1016 2998 necessitas
1033 2951 1093 2995 nos
1110 2929 1156 2996 ad

109 3053 182 3098 asca
200 3032 388 3117 detruserit,
399 3055 482 3121 quea
499 3034 605 3101 nostri
622 3033 750 3120 ingenii
767 3055 835 3100 non
855 3041 964 3118 erunt,
975 3033 1085 3118 omnis
1102 3035 1157 3100 ad·

143 3132 288 3201 hibenda
302 3136 366 3216 erit
381 3157 469 3220 cura,
480 3136 662 3220 meditatio,
674 3135 859 3224 diligentia,
870 3144 963 3202 ntea
977 3136 1004 3202 si
1019 3158 1086 3204 non
1103 3137 1157 3204 do·

144 3256 228 3318 core,
244 3244 278 3302 at
300 3257 400 3323 quam
422 3237 560 3320 minime
583 3237 737 3304 indecore
755 3236 869 3306 ,faeere
890 3237 1071 3324 possimus3
1095 3259 1155 3303 neo

144 3345 213 3406 tam
231 3346 281 3404 est
298 3337 504 3422 enitendum,
515 3347 554 3404 nt
573 3341 668 3422 bona,
680 3361 765 3427 quae
783 3339 878 3406 nobis
896 3339 1058 3407 duta-non
1077 3339 1154 3422 sint,

143 3460 330 3526 sequamur,
342 3461 443 3527 quam
457 3449 496 3507 ut
510 3441 592 3510 vitia
606 3442 786 3530 fugiamus.

110 3567 135 3608 so
160 3541 394 3630 „Aeduobns
415 3543 455 3608 iis
477 3543 637 3630 personis,
654 3566 735 3631 quas
755 3565 856 3630 supra
877 3543 957 3626 dixi,
976 3543 1074 3609 tertia
1099 3543 1155 3609 ad·
1170 3529 1215 3598 32

143 3644 418 3732 iungimfsqssam
428 3645 638 3732 easmaliqui
652 3655 709 3714 aut
721 3654 854 3733 tempus
865 3645 996 3733 inponit
1006 3667 1016 3729 ;
1038 3623 1222 3732 quartem

142 3747 255 3832 etiam,
271 3748 558 3835 quam.nobismet
576 3749 641 3838 ipsi
658 3749 782 3817 indicio
801 3757 914 3815 nostro
933 3745 1156 3832 accommoda·
