2710 4374
237 366 303 434 150
628 366 680 422 ult
700 365 855 422 omens
875 429 879 434 ¹

236 516 437 588 hereditates
460 539 529 586 non
552 517 711 588 honestae
732 517 901 602 videntur,
918 521 946 586 si
974 521 1056 586 sunt
1077 514 1226 594 malitiosis

237 618 416 704 blanditiis,
448 620 633 688 officiorum
665 643 733 688 nou
765 621 917 706 veritate,
945 619 1006 688 sed
1040 618 1227 686 simulatione

236 723 412 810 quaesitae
457 723 566 812 Atqui
594 724 631 790 in
657 724 779 792 talibus
805 724 906 791 rebus
926 723 1020 790 uliud
1045 721 1128 788 utile
1146 722 1229 788 inter·
1292 731 1293 734 ’

190 825 329 908 isdum,
343 823 434 892 uliud
449 824 625 892 honestum
642 825 750 892 videri
764 825 858 892 solet.
903 825 1021 909 Falso,
1040 847 1117 891 num
1133 825 1229 891 eaden

169 927 401 1018 (lt)ntilitatis,
423 949 508 1016 quae
534 927 726 1011 honestatis,
751 937 802 995 est
826 929 952 1017 regula.
998 928 1070 1007 Qui
1095 927 1156 992 hoc
1177 947 1252 992 nona

233 1031 429 1118 perviderit,
444 1031 486 1098 ab
509 1029 573 1098 hoc
598 1030 692 1098 nulla
713 1031 806 1098 fraus
827 1031 945 1115 aberit,
960 1030 1096 1098 nullum
1110 1029 1230 1096 fucinus

237 1132 293 1199 Sic
304 1133 394 1198 enim
405 1133 570 1221 cogitans:
587 1132 674 1199 “Est
685 1133 770 1202 istuc
781 1135 918 1222 quidem
929 1134 1121 1215 honestum,
1132 1152 1230 1196 vemm

236 1232 301 1301 hoc
316 1235 453 1323 expedit
461 1235 481 1270 ''
498 1256 549 1302 res
566 1257 586 1302 a
603 1245 720 1302 natura
737 1235 907 1324 copulatas
923 1236 1063 1304 audebit
1081 1254 1184 1302 errore
1195 1233 1231 1297 di-

237 1335 371 1420 uellere,
386 1338 444 1426 qui
459 1338 537 1406 fons
557 1345 608 1406 est
625 1338 806 1422 fraudium,
821 1339 1074 1423 maleficiorum,
1093 1335 1231 1404 scelernm

187 1454 230 1524 19
240 1441 399 1508 omnium.
443 1439 573 1528 Itaque,
590 1441 618 1508 si
633 1441 805 1509 virbonus
822 1440 942 1509 habeat
957 1442 1045 1508 hanc
1061 1441 1140 1522 vim,
1153 1446 1195 1520 ut,
1209 1436 1255 1501 siu

239 1544 354 1632 digitis
374 1545 611 1632 concrepuerit,
633 1545 738 1632 possit
759 1545 795 1610 in
817 1543 1037 1632 locupletium
1055 1546 1231 1615 testamenta

238 1667 360 1714 nomon
378 1646 450 1714 cius
466 1647 627 1734 inrepere,
644 1647 705 1714 hae
723 1648 757 1713 vi
774 1669 841 1714 non
857 1654 982 1732 utatur,
997 1669 1043 1714 ne
1059 1646 1089 1712 si
1106 1641 1231 1730 explora·

237 1748 962 1837 tumquidsmhabeatidomninoneminem
973 1742 1229 1838 nmquamsuspi-

237 1859 398 1918 caturum.
443 1852 493 1918 At
510 1851 605 1918 dares
619 1849 704 1918 hauc
717 1852 785 1916 vim
802 1851 851 1918 M.
868 1851 994 1936 Orusso,
1012 1859 1052 1918 ut
1066 1849 1227 1936 digitorum

237 1954 446 2040 percussione
460 1953 554 2020 heros
568 1962 679 2042 posset
696 1955 838 2042 scriptus
854 1976 934 2038 esse,
950 1954 1009 2042 qni
1029 1976 1065 2020 re
1081 1972 1153 2018 vera
1171 1963 1253 2023 nonu

236 2061 321 2120 esset
335 2054 439 2139 heres,
454 2058 489 2122 in
504 2057 589 2142 foro,
605 2057 688 2122 mihi
700 2058 807 2142 credo,
821 2055 964 2124 saltaret.
1005 2057 1119 2124 Homo
1134 2057 1229 2118 autem

236 2157 342 2222 iustus
359 2157 464 2244 isque,
482 2180 584 2246 quem
605 2160 767 2226 sentimus
788 2160 899 2225 virum
921 2160 1060 2244 bouum,
1076 2153 1155 2235 nibil
1175 2151 1228 2217 cui·

203 2261 208 2270 '
236 2279 347 2346 quam,
362 2259 452 2346 quod
466 2261 501 2326 in
516 2282 552 2328 ss
566 2262 754 2347 transferat,
769 2261 930 2329 detrahet.
976 2262 1054 2329 Hoc
1069 2259 1127 2348 qui
1143 2252 1229 2322 admi·

188 2371 226 2431 ts
236 2367 339 2446 ratur,
354 2361 382 2427 is
404 2383 449 2447 se,
465 2363 546 2450 quid
569 2365 613 2430 sit
635 2366 687 2430 vir
710 2365 824 2450 bonus,
846 2367 973 2442 nescire
993 2365 1147 2440 fateatur.
1186 2357 1226 2422 At

235 2484 326 2548 vero,
341 2464 369 2530 si
384 2466 442 2552 qui
461 2465 605 2532 voluerit
623 2467 726 2532 arrimi
748 2468 799 2533 sui
821 2468 1051 2556 complicatam
1075 2465 1253 2538 notionemo

235 2566 400 2652 evolvere,
418 2569 484 2634 iam
500 2590 535 2635 se
556 2569 628 2657 ipse
645 2569 762 2636 doceat
783 2591 861 2636 eum
883 2572 994 2648 virum
1017 2571 1144 2643 bouum
1160 2581 1226 2642 esse,

236 2671 296 2758 qui
311 2671 426 2760 prosit,
441 2671 563 2758 quibus
577 2672 691 2760 possit,
706 2680 823 2740 noceat
844 2673 973 2751 nemini
990 2673 1054 2738 uisi
1069 2667 1227 2738 'lacessitus

235 2774 366 2842 iniuria.
404 2773 495 2853 Quid
506 2774 607 2862 ergol
624 2773 762 2841 hicnon
777 2783 904 2859 noceat,
919 2775 977 2862 qui
992 2775 1134 2862 quodam
1148 2763 1225 2856 quoti

235 2897 365 2944 veneno
379 2876 538 2964 perficiat,
549 2885 588 2943 ut
604 2897 698 2943 veros
712 2875 848 2943 heredes
863 2886 1004 2961 moveat,
1020 2879 1054 2942 in
1071 2891 1178 2943 eornm
1190 2867 1226 2932 lt

237 2999 313 3044 cnm
327 2979 399 3064 ipse
413 2979 586 3046 succedatl
630 2978 740 3046 “Non
754 2979 859 3066 igitur
875 2979 1006 3065 faciat,''
1022 2979 1141 3046 dixerit
1154 2971 1250 3060 quiam

238 3079 358 3164 “qnod
385 3080 468 3146 utile
495 3083 548 3165 sit,
575 3082 666 3170 quod
694 3082 849 3170 expediat
860 3083 893 3149 l’'
937 3082 1048 3150 Immo
1072 3077 1226 3160 intellegat
1333 3150 1334 3179 ,

238 3179 323 3245 nihil
344 3201 406 3246 nec
427 3183 584 3270 expedire
604 3205 667 3252 nec
688 3185 771 3252 utile
792 3207 872 3269 essc,
891 3186 981 3273 qnod
1003 3187 1046 3252 sit
1064 3185 1224 3252 iniustumi

190 3287 227 3348 77
238 3281 302 3348 hoc
315 3282 375 3368 qui
392 3304 459 3350 non
478 3285 641 3371 didicerit,
657 3287 763 3356 bonus
780 3288 833 3354 vir
850 3309 920 3354 esse
937 3309 1003 3354 non
1027 3287 1154 3376 poterit.
1196 3271 1224 3340 0·

237 3382 419 3450 Fimbriam
435 3387 638 3454 consularem
661 3389 834 3456 audiebam
858 3389 901 3456 de
922 3398 1016 3478 patre
1033 3399 1142 3455 nostro
1154 3395 1223 3470 puel

235 3485 381 3553 iudicem
407 3485 455 3553 M.
478 3487 613 3558 Lutatio
638 3491 796 3558 Pinthiae
820 3491 933 3576 inisse,
960 3493 1064 3580 equiti
1089 3491 1250 3557 Romanos

235 3610 314 3656 sane
328 3587 476 3675 honesto,
491 3613 569 3658 cnm
583 3592 611 3659 is
625 3594 836 3680 sponsionem
851 3595 993 3678 fecisset,
1004 3617 1042 3661 m
1060 3617 1118 3661 vin
1133 3601 1222 3659 uorsus

235 3714 342 3760 nssnn.
386 3691 504 3782 Itaque
519 3694 551 3762 ei
568 3694 690 3764 dixisse
704 3695 887 3764 Fimbriam
900 3718 936 3765 so
948 3697 1043 3764 illam
1062 3719 1130 3764 rem
1144 3707 1223 3760 num·
