2710 4374
391 354 461 405 LIB.
482 353 518 405 ll.
553 353 633 406 cnP.
653 355 677 418 7,
695 356 718 406 8.
755 351 770 416 5
788 356 879 407 25-29.
1102 356 1143 421 89

126 503 378 585 defendisseut3
401 503 512 590 itaquo
530 502 615 568 illud
629 503 848 589 patrocinium
864 503 951 570 orbis
966 511 1072 571 terrae
1087 506 1206 590 vetat)

124 608 198 674 rius
220 628 322 694 quam
343 607 522 693 imperium
540 614 669 694 poterat
691 607 863 672 nominari.
909 607 1038 673 Sensim
1055 606 1142 676 hanc

125 709 404 776 consuetudinem
425 716 459 774 et
477 707 686 795 disciplinam
703 709 769 773 iam
788 716 884 774 antea
901 709 1140 794 minuebamus,

124 819 207 899 post
222 832 304 878 vero
320 809 430 890 Sullae
448 809 620 877 victoriam
636 810 769 896 penitus
786 811 974 894 amisimus3
997 811 1140 878 desitum

98 922 180 980 aest
203 901 294 979 euim
312 913 419 978 videri
436 905 612 1000 qnisquam
630 913 665 977 in
687 914 791 980 socios
810 914 974 1000 iniquum,
990 936 1066 980 cum
1088 937 1141 982 ex-

125 1016 268 1082 stitisset
284 1015 321 1080 in
343 1015 433 1081 cives
450 1023 541 1080 tauta
562 1015 747 1082 crudelitas.
791 1015 880 1104 Ergo
898 1018 933 1082 iu
950 1016 1009 1085 illo
1030 1025 1140 1084 secuta

125 1127 180 1186 est
203 1119 376 1184 honestam
398 1139 528 1192 causam
551 1140 617 1184 non
641 1117 778 1184 honesta
800 1119 957 1203 victoria3
979 1128 1029 1186 est
1050 1121 1141 1188 enim

123 1243 228 1288 ausus
250 1221 369 1304 dicere,
385 1209 478 1298 hasta
500 1221 607 1308 posita
629 1242 705 1286 curm
726 1222 811 1288 bona
832 1222 867 1288 iu
885 1222 960 1289 foro
982 1223 1141 1290 venderet

123 1331 164 1389 et
187 1325 349 1390 bonorum
373 1323 520 1390 virorum
542 1332 576 1390 et
597 1323 812 1411 locupletium
836 1331 870 1391 et
892 1334 981 1392 certe
1004 1327 1138 1410 civium,

87 1449 114 1490 ιο
123 1430 152 1463 “
162 1426 317 1514 praedam
328 1448 363 1492 se
377 1447 469 1492 suam
482 1425 656 1492 vendere.''
701 1427 840 1494 Secutus
855 1434 914 1510 est,
924 1429 982 1514 qui
998 1428 1032 1493 in
1045 1450 1140 1494 causa

122 1533 245 1620 impia,
258 1533 396 1598 victoria
417 1533 518 1598 etiam
536 1532 685 1600 foediore
703 1554 771 1599 non
791 1532 997 1619 singulorum
1015 1534 1139 1600 civium

122 1636 218 1702 bona
239 1625 431 1722 publicaret,
447 1635 505 1701 sed
526 1635 696 1702 universas
717 1635 902 1722 provincias
924 1635 1140 1722 regionesque

122 1760 201 1805 uno
221 1737 416 1804 calamitatis
433 1737 506 1804 iure
528 1737 833 1825 comprehenderet.
877 1736 996 1826 Itaque
1013 1739 1187 1804 vexatists

122 1861 168 1908 ac
185 1840 323 1928 perditis
341 1840 462 1906 exteris
479 1840 670 1907 nationibus
687 1840 729 1908 ad
743 1839 934 1928 exemplum
952 1841 1063 1908 amissi
1080 1842 1140 1906 iur-

88 1967 114 2009 n
123 1945 215 2032 perii
232 1945 355 2032 portari
377 1943 412 2008 in
431 1943 601 2032 triumpho
620 1942 802 2010 Massiliam
821 1943 964 2010 vidimus
986 1953 1078 2012 etex
1101 1966 1139 2012 ea

124 2048 213 2116 urbe
224 2047 432 2136 triumphari,
444 2046 516 2114 sine
531 2068 597 2136 qua
612 2069 792 2135 numquam
806 2048 909 2124 nostri
924 2048 1138 2138 imperatores

122 2150 413 2238 ea'l'ransalpinis
430 2149 525 2218 bellis
544 2149 801 2238 triumpharunt.
845 2149 954 2217 Multa
971 2159 1138 2239 praetcrea

124 2270 422 2322 commemorarem
438 2254 565 2320 nefaria
581 2253 615 2320 in
630 2254 743 2336 socios,
755 2253 782 2319 si
798 2252 859 2320 hoc
878 2276 946 2320 uno
961 2255 1137 2342 quicquam

125 2356 180 2423 sol
201 2356 338 2424 vidisset
359 2356 539 2444 indignius.
592 2355 671 2423 Iure
696 2357 800 2442 igitur
822 2356 1008 2444 plectimur.
1060 2355 1138 2423 Nisi

90 2483 116 2524 so
129 2460 221 2527 enim
238 2459 420 2526 multorum
438 2459 592 2547 inpunita
608 2459 730 2526 scelera
746 2459 943 2542 tulissemus,
956 2481 1136 2546 numquam

128 2563 172 2629 ad
190 2585 295 2628 unum
314 2570 406 2629 tanta
423 2563 625 2650 pervenisset
643 2561 794 2644 licentia3
817 2583 919 2648 aquo
937 2561 1072 2647 quidem
1089 2561 1137 2626 rei

127 2664 303 2732 familiaris
325 2665 367 2731 ad
388 2686 520 2752 paucos,
535 2664 757 2752 cupiditatum
778 2663 820 2728 ad
838 2661 961 2728 multos
982 2661 1139 2749 inprobos

127 2769 225 2836 venit
239 2767 412 2834 hereditas.
455 2766 492 2833 N
492 2789 529 2834 ee
546 2789 622 2833 vero
637 2786 796 2852 umquam
812 2764 974 2831 bellorum
989 2763 1137 2830 civilium
1149 2776 1186 2830 29

128 2893 242 2939 semen
253 2877 286 2938 et
298 2892 392 2938 causa
401 2870 517 2954 deerit,
527 2870 607 2936 dum
620 2869 770 2935 homines
779 2867 900 2954 perditi
909 2866 1036 2932 hastam
1047 2865 1138 2932 illam

94 2981 300 3052 cernentem
318 2981 353 3039 et
370 2972 582 3040 meminerint
602 2978 637 3039 et
654 2971 849 3058 sperabunt3
876 2991 975 3057 quam
988 2968 1033 3035 P.
1046 2969 1139 3036 Sulla

129 3098 207 3144 cum
224 3077 383 3143 vibrasset
400 3076 560 3142 dictatore
577 3075 764 3162 propinquo
781 3095 851 3158 suo,
863 3073 952 3139 idem
971 3081 1063 3140 sexto
1081 3073 1139 3140 tri-

128 3179 276 3247 censimo
302 3175 389 3245 anno
415 3187 490 3267 post
512 3200 531 3244 a
552 3178 755 3246 sceleratiore
781 3177 874 3244 hasta
898 3198 966 3243 nou
988 3177 1138 3260 recessit3

129 3282 213 3350 alter
234 3290 356 3364 antem,
371 3282 430 3369 qui
451 3281 486 3345 in
509 3280 567 3347 illa
584 3281 746 3348 dictatura
767 3281 873 3347 scriba
887 3279 1007 3363 iuerat,
1023 3281 1057 3345 in
1077 3279 1139 3346 hac

128 3385 196 3450 fuit
211 3391 365 3472 quaestor
382 3383 533 3449 urbanus
580 3381 632 3450 Ex
650 3405 717 3470 quo
734 3383 833 3450 debet
850 3381 999 3469 intellegi
1017 3382 1138 3448 talibus

96 3487 283 3572 upraemiis
308 3485 486 3572 propositis
514 3504 697 3573 numquam
722 3483 879 3565 defutura
904 3483 990 3551 bella
1015 3483 1135 3563 civilia.

129 3589 248 3678 Itaque
265 3589 409 3676 parietes
427 3587 526 3656 modo
543 3589 635 3654 urbis
648 3595 740 3656 stant
757 3595 791 3654 et
808 3595 954 3670 manent,
966 3587 1056 3674 iique
1073 3585 1138 3673 ipsi

129 3691 194 3758 iam
212 3699 361 3759 extrema
379 3690 500 3758 scelera
515 3697 710 3774 metuentes,
722 3712 792 3756 rem
808 3710 887 3757 vero
903 3689 1071 3777 publicam
1085 3709 1140 3775 pe
