2710 4374
357 358 428 410 nm.
446 359 471 410 u
505 357 584 410 car.
603 359 644 422 ιι,
660 359 702 410 ιι.
738 357 895 420 §ms-mu
1086 362 1127 428 71

110 515 267 576 teneatur
295 507 471 574 hominnm
499 506 664 574 societate.
722 507 871 592 [Etenim
901 510 1127 598 cognitionem

110 611 389 700 prudentiamque
415 617 572 698 sequetur
594 610 799 676 considerata
821 611 926 696 aeti03
951 613 999 678 ita
1020 612 1070 696 fit,
1088 620 1127 678 nt

111 735 212 801 agere
230 714 433 780 considerate
451 711 555 799 pluris
576 712 619 778 sit
637 733 737 799 quam
757 713 902 800 cogitare
919 715 1124 801 prudentem]

111 817 231 902 Atque
248 815 328 882 haee
347 814 483 902 quidem
501 813 670 880 haetenus.
715 815 908 882 Patefactus
928 817 1018 882 enim
1036 816 1127 884 loeus

87 927 166 985 sest
182 919 263 1006 ipse,
278 927 317 1011 ut
334 940 401 984 non
420 917 554 984 difficile
574 917 617 983 sit
634 917 670 982 in
688 919 893 1006 exquirendo
911 919 1029 1004 officio,
1045 920 1127 1008 quid

112 1022 235 1108 cuique
249 1022 292 1087 sit
306 1020 589 1108 praeponendum,
602 1021 726 1088 videre.
769 1021 811 1087 In
827 1023 897 1110 ipsa
915 1031 1028 1089 autem
1043 1045 1128 1091 eom-

113 1125 278 1190 munitate
290 1132 367 1189 sunt
378 1123 500 1210 gradus
515 1122 708 1208 officiorum,
719 1147 759 1192 ex
771 1127 901 1212 quibus,
913 1127 993 1213 quid
1008 1127 1127 1214 cuique

113 1233 269 1314 praestet,
285 1225 436 1314 intellegi
454 1227 567 1314 possit,
583 1235 621 1292 nt
638 1229 746 1315 prima
763 1229 814 1294 dis
831 1229 1070 1314 inmortalibus,
1081 1251 1128 1296 se

112 1330 225 1396 cunda
241 1330 376 1417 patriae,
389 1330 486 1396 tertia
506 1331 708 1416 parentibus,
721 1331 877 1418 deinceps
897 1333 1060 1418 gradatim
1079 1354 1126 1398 re-

75 1456 105 1498 ro
114 1433 216 1520 liquis
234 1434 439 1501 debeantur·
470 1431 600 1510 Quibus
617 1455 659 1498 ex
675 1435 773 1500 rebus
792 1435 936 1500 breviter
951 1435 1193 1522 disputatislol

113 1536 267 1624 intellegi
285 1544 394 1624 potest
412 1557 479 1602 non
498 1535 604 1601 solum
623 1536 658 1601 id
674 1535 825 1602 homines
843 1536 947 1603 solere
965 1538 1126 1620 dubitare,

113 1639 336 1706 honestumne
355 1661 398 1705 an
418 1647 515 1726 turpe
535 1639 588 1721 sit,
605 1638 661 1704 sed
681 1639 780 1705 etiam
801 1639 930 1705 duobus
950 1639 1127 1727 propositis

114 1743 264 1809 honestis
290 1751 402 1808 utrum
424 1741 595 1808 honestius
621 1742 673 1806 sit.
718 1741 786 1807 Hie
811 1741 902 1808 loeus
926 1763 945 1807 a
967 1741 1126 1810 Panaetio

113 1853 175 1929 est,
190 1853 231 1911 ut
250 1868 348 1934 supra
368 1845 448 1930 dixi,
464 1845 722 1933 praetermissus.
767 1844 832 1912 Sed
852 1844 919 1910 iam
939 1844 981 1911 ad
999 1845 1127 1931 reliqua

79 1970 302 2037 aspergamus.
