2734 4362
193 351 235 414 12
578 347 628 397 nn
649 344 803 398 ornrcns

195 509 267 566 tum
289 496 471 566 existimari
489 495 599 562 velim.
643 497 733 564 Nam
750 495 1006 586 philosophandi
1028 495 1200 562 scientiam

195 601 377 668 concedens
392 599 515 682 multis,
527 600 617 686 quod
631 608 680 666 est
695 601 832 666 oratoris
846 599 1028 687 proprium,
1040 606 1127 686 apte,
1139 598 1201 663 dis

195 704 309 786 tincte,
319 709 433 769 ornate
444 701 562 784 dicere,
574 703 730 788 quoniam
745 702 781 766 in
796 722 836 768 eo
847 701 956 766 studio
968 709 1110 766 aetatem
1126 721 1200 766 con-

196 805 332 893 sumpsi,
344 806 371 870 si
385 805 420 870 id
437 802 521 868 mihi
538 825 678 887 assumo,
690 803 805 870 videor
821 803 858 868 id
874 823 950 868 meo
966 801 1039 868 iure
1056 801 1197 889 quodam

168 908 296 975 amodo
313 907 492 974 vindicare.
538 905 647 984 Quam
662 906 705 972 ob
724 927 794 972 rom
809 925 1009 992 magnopere
1026 911 1061 971 te
1075 904 1197 986 hortor,
1217 927 1228 965 ι

196 1011 244 1076 mi
259 1010 385 1093 Oicero,
397 1017 436 1074 ut
450 1029 517 1075 non
535 1008 641 1075 solum
657 1008 821 1076 orationes
838 1027 937 1092 meas,
949 1005 1006 1074 sed
1024 1005 1085 1074 hoe
1099 1006 1198 1073 etiam

197 1113 239 1179 de
259 1110 468 1199 philosophia
488 1111 600 1194 libros,
615 1111 673 1198 qui¹
695 1111 761 1184 iam
778 1110 846 1176 illis
866 1109 939 1176 fere
955 1130 990 1179 se
1007 1117 1198 1196 aequarunt,

197 1214 343 1280 studiose
356 1213 464 1300 legam
486 1213 538 1278 vis
552 1213 640 1280 enim
656 1213 761 1280 maior
774 1213 809 1278 in
825 1212 892 1279 illis
908 1211 1051 1296 dicendi,
1062 1212 1120 1278 sed
1136 1211 1199 1278 hoc

198 1337 330 1403 qnoque
341 1316 575 1382 colendumest
585 1315 756 1404 aequabile
767 1323 800 1382 et
811 1323 1031 1402 temperatum
1044 1315 1199 1381 orationis

197 1440 311 1508 genus.
355 1417 400 1484 Et
414 1418 450 1484 id
465 1418 600 1506 quidem
614 1418 741 1485 nemini
758 1418 854 1484 video
872 1417 1075 1484 Graecorum
1093 1416 1198 1482 adhuc
1206 1438 1231 1478 ιι

197 1522 439 1610 contigissent
467 1521 555 1588 idem
580 1528 722 1607 utroque
743 1520 778 1586 in
803 1541 925 1608 genere
949 1519 1130 1586 elaboraret
1153 1541 1199 1584 se

169 1609 174 1669 ¹,
197 1633 419 1713 quereturque
434 1637 475 1691 ot
495 1623 579 1690 illud
601 1623 734 1690 forense
755 1622 887 1690 dicendi
909 1630 943 1689 et
964 1621 1028 1690 hoc
1049 1623 1199 1710 quietum

197 1728 390 1816 disputandi
410 1747 525 1814 genus,
541 1726 606 1790 nisi
630 1725 719 1793 forte
743 1725 934 1792 Demetrius
959 1723 1139 1792 Phalereus
1162 1726 1197 1790 in

197 1829 261 1899 hoc
285 1850 424 1906 numero
449 1827 563 1894 haberi
589 1835 707 1916 potest,
726 1827 910 1916 disputator
935 1827 1074 1912 subtilis,
1092 1835 1200 1894 orator
1279 1847 1285 1858 ·

197 1952 314 2018 parum
327 1929 512 2012 vehemens,
524 1929 630 1997 dulcis
643 1937 765 2014 tamen,
775 1937 813 1996 ut
828 1929 1047 2018 Theophrasti
1062 1930 1198 2016 discipu·
1207 1952 1232 1991 ιι

197 2033 268 2111 lum
286 2032 389 2119 possis
403 2052 588 2118 agnoscere.
631 2031 704 2100 Nos
718 2040 829 2099 autem
840 2040 1001 2120 quantum
1013 2033 1048 2098 in
1061 2041 1199 2120 utroque

198 2133 446 2222 profecerimus,
471 2133 611 2201 aliorum
639 2135 683 2202 sit
711 2134 882 2219 indicium,
904 2143 1083 2222 utrumque
1112 2145 1198 2211 certe

170 2237 302 2316 lseeuti
319 2257 441 2314 erimus.
485 2235 648 2324 Equidem
667 2245 701 2304 et
718 2235 894 2304 Platonem
911 2237 1085 2322 existum0,
1101 2239 1200 2326 si'ge-

198 2361 261 2405 nus
285 2339 418 2405 forense
443 2338 575 2406 dicendi
600 2347 738 2406 tractare
765 2339 931 2422 voluisset,
949 2341 1142 2427 gravissime
1165 2349 1198 2406 et

197 2430 420 2529 copiosissime
441 2441 586 2528 potuisse
608 2442 726 2526 dicere,
742 2450 776 2510 et
797 2441 1068 2527 Demosthenem,
1083 2443 1112 2508 si
1133 2443 1233 2526 illa,m

193 2567 282 2632 quae
300 2565 320 2610 a
336 2542 477 2611 Platone
494 2544 663 2629 didicerat,
679 2545 839 2617 tenuisset
860 2553 894 2612 et
915 2546 1130 2632 pronuntiare
1146 2568 1198 2612 vo

198 2647 321 2732 luisset,
333 2655 447 2714 ornate
461 2646 699 2736 splendideque
713 2647 822 2717 facere
833 2648 998 2734 potuisse3
1020 2647 1198 2734 codemque

196 2752 296 2818 modo
311 2751 353 2818 de
367 2751 550 2818 Aristotele
564 2759 598 2817 ct
616 2749 760 2818 Isocrate
774 2749 894 2833 iudico,
907 2770 1046 2836 quorum
1063 2758 1198 2868 uterque

198 2877 256 2934 sno
272 2853 382 2920 studio
397 2853 577 2920 delectatus
591 2853 789 2939 contempsit
804 2851 954 2920 alterum.

168 2961 189 3024 2
242 2955 308 3022 Sed
325 2976 400 3020 eum
419 2955 604 3020 statuissem
621 2955 762 3022 scribere
779 2955 821 3020 ad
843 2962 877 3022 te
894 2955 1019 3073 aliquid
1040 2955 1104 3023 hoc
1120 2963 1198 3022 tem·
1208 2979 1232 3017 ιι

195 3078 288 3144 pore,
304 3055 409 3132 multa
430 3077 489 3141 pos
491 3053 574 3138 thae,
590 3055 631 3122 ab
653 3077 693 3122 eo
710 3057 811 3123 ordiri
833 3058 977 3124 maxime
994 3057 1096 3144 volui,
1111 3058 1198 3146 quod

195 3167 233 3225 ct
257 3157 357 3225 aetati
383 3165 459 3222 tuae
485 3165 570 3222 esset
594 3157 800 3244 aptissimum
826 3167 860 3224 et
885 3159 1072 3226 auctoritati
1098 3181 1197 3226 meae.

196 3261 287 3341 Nem
305 3281 381 3327 cum
399 3258 504 3324 multa
517 3260 584 3325 sint
599 3260 633 3324 in
652 3259 860 3348 philosophia
875 3268 909 3328 et
926 3262 1040 3348 gravia
1054 3269 1088 3328 et
1105 3263 1199 3328 utilia

199 3370 347 3444 accurate
368 3361 565 3450 copioseque
586 3383 606 3428 a
626 3362 830 3450 philosophis
852 3363 1028 3450 disputata,
1043 3364 1199 3432 latissime

199 3474 311 3554 patere
328 3463 485 3530 videntur
505 3487 553 3547 ca,
569 3487 653 3552 quae
675 3465 716 3532 dc
738 3465 853 3532 officiis
875 3467 995 3532 tmdita
1016 3468 1058 3533 ab
1079 3468 1145 3533 illis
1166 3477 1233 3534 eteo

198 3575 369 3655 praecepta
384 3575 470 3634 eunt.
514 3566 618 3632 Nulla
635 3569 725 3632 enim
741 3568 828 3634 vitae
842 3589 918 3657 pars
935 3589 1044 3655 neque
1061 3570 1200 3656 publicis

197 3692 305 3758 neque
327 3669 467 3757 privatis
488 3690 596 3755 neque
617 3669 805 3735 forensibus
826 3691 932 3756 neque
955 3671 1143 3764 domesticis
1165 3673 1198 3735 in
