2710 4374
208 341 272 408 108
599 338 650 392 nn
671 337 825 392 ounrcns

207 498 258 564 est
272 489 419 573 omnino,
435 489 462 556 si
478 487 591 577 possit,
604 489 763 576 utrisque,
774 509 837 556 uec
852 488 970 572 minus,
986 497 1025 554 ut
1040 489 1141 558 etiam
1155 491 1208 556 siu·

207 592 295 682 gulis
312 591 511 675 consulatur,
530 591 587 658 sed
606 592 662 676 ita,
676 601 716 657 ut
733 614 772 658 ea
789 613 842 658 res
858 600 916 658 aut
934 592 1038 678 prosit
1053 601 1114 658 aut
1131 603 1208 663 certe

208 717 251 762 uc
268 695 355 764 obsit
372 695 420 762 rei
438 693 599 782 publicae.
644 695 683 761 O.
703 694 844 761 Gracchi
862 694 1083 760 frumentaria
1101 717 1209 782 magua

208 797 360 886 largitio;
382 795 595 864 exhauriebat
617 796 721 884 igitur
741 797 903 862 aerarium
914 807 929 879 ;'
944 797 1078 884 modica
1093 795 1143 864 M.
1159 797 1210 866 Oo-

209 902 278 968 tuvi
292 909 327 968 ct
341 900 388 966 rei
404 899 554 988 publicae
569 897 750 990 tolerabilis
764 906 798 966 et
816 898 906 986 plebi
921 899 1126 981 necessaria3
1141 921 1209 986 ergo
1225 921 1238 960 a

162 1004 434 1070 taatcivibusct
454 1000 672 1089 reipublicae
695 1001 854 1068 salutaris.
899 1001 941 1067 Iu
963 1001 1085 1088 primis
1108 1010 1211 1068 autom

210 1105 390 1172 videndum
406 1105 470 1171 erit
486 1103 528 1187 ei,
547 1103 606 1190 qui
623 1126 694 1170 rem
716 1104 883 1191 publicam
903 1103 1162 1186 administrabit,
1177 1114 1210 1172 ut

209 1228 304 1272 atrum
317 1207 456 1293 quisque
468 1213 578 1278 toneat
591 1227 697 1292 neque
708 1207 750 1273 de
762 1206 857 1272 bouis
867 1205 1075 1292 privatorum
1089 1206 1213 1294 publice

209 1307 394 1374 deminutio
411 1307 478 1373 fiat.
523 1306 714 1374 Perniciose
735 1308 826 1374 cuim
848 1305 1037 1394 Philippus,
1057 1308 1094 1372 in
1119 1309 1214 1375 tribu·

210 1419 291 1477 natu
304 1432 380 1478 cunr
396 1409 503 1496 legem
513 1410 673 1497 agrariam
690 1410 803 1492 ferret,
816 1431 914 1497 quam
927 1419 1038 1476 tamen
1051 1411 1212 1497 antiquari
1219 1431 1241 1482 ιι

208 1515 306 1582 facile
327 1535 439 1602 passus
461 1520 510 1578 est
535 1519 570 1582 et
592 1513 628 1578 in
653 1535 693 1579 oo
719 1512 934 1579 vehomenter
956 1535 991 1578 se
1010 1513 1212 1587 moderatum

208 1615 472 1704 praebuit-scd
487 1635 562 1681 cum
580 1614 615 1680 iu
634 1615 764 1702 agendo
786 1615 891 1680 multa
913 1615 1130 1702 populariter,
1147 1625 1212 1682 tum

208 1721 292 1786 illud
307 1711 437 1802 male,'“
449 1739 515 1784 uon
533 1739 602 1783 esse
620 1719 654 1782 in
678 1718 813 1786 civitate
834 1718 901 1784 duo
921 1718 1011 1782 milia
1029 1717 1212 1802 hominum,
1324 1782 1325 1785 ,

209 1823 267 1909 qui
285 1844 354 1889 reru
370 1819 559 1888 lraber·eut.”
605 1819 765 1908 Capitalis
786 1821 891 1886 oratio
913 1809 973 1903 est,
991 1820 1033 1885 ad
1051 1823 1213 1908 aequatio·
1339 1810 1340 1827 ¹

209 1949 284 1992 nem
308 1928 470 1993 bonorum
492 1925 680 2013 pertiuens3
703 1948 769 2013 qun
790 1933 883 2013 peste
906 1947 989 2012 quac
1010 1935 1122 2012 potest
1149 1949 1242 1992 essen

209 2029 333 2094 maiori
367 2027 464 2094 Hanc
475 2028 563 2095 enim
576 2029 619 2094 ob
630 2050 759 2094 causam
772 2049 936 2112 maxume,
948 2037 987 2094 ut
998 2049 1056 2094 sna
1068 2037 1214 2096 teneren-

209 2142 273 2214 tur,
289 2151 342 2198 res
356 2130 507 2217 publicas
524 2131 740 2218 civitatesque
763 2132 961 2197 constitutae
983 2139 1071 2198 sunt.
1116 2131 1212 2215 Nam,

209 2233 270 2299 atsi
286 2233 369 2300 duce
391 2241 508 2298 natum
531 2235 815 2319 congregabantur
837 2233 998 2316 hominos,
1023 2244 1135 2306 tamen
1159 2256 1213 2322 spe

209 2334 376 2400 custodiae
391 2355 502 2399 rerum
520 2355 652 2400 suarum
672 2335 804 2400 urbium
823 2335 985 2422 praesidia
1003 2337 1212 2422 quaerebant.

162 2437 328 2504 74Danda
343 2437 443 2506 otiam
459 2445 633 2524 operaest,
650 2459 701 2519 nc,
720 2437 808 2523 quod
828 2438 916 2524 apud
935 2438 1073 2504 maiores
1088 2447 1242 2506 nostrosao

209 2561 304 2629 saepo
318 2539 418 2611 fiebat
433 2547 570 2626 propter
583 2540 697 2606 aerarii
715 2540 910 2612 tenuitatem
923 2541 1213 2628 assiduitatemque

208 2645 381 2729 bellonuu,
400 2645 562 2710 tributum
579 2643 622 2707 sit
636 2641 888 2724 conferendum,
904 2643 1004 2729 idque
1019 2665 1062 2709 ue
1073 2645 1211 2726 eveniat,

209 2748 315 2814 multo
343 2754 420 2813 aute
445 2746 509 2812 orit
539 2744 792 2831 providendum.
838 2745 896 2812 sin
927 2767 1013 2831 quae
1041 2734 1211 2812 necessitas

208 2848 306 2920 liuius
323 2849 466 2918 muneris
478 2847 576 2913 alicui
591 2846 640 2912 rei
655 2846 805 2934 publicae
820 2848 992 2917 obvenerit
1008 2837 1109 2932 (mulo
1124 2849 1210 2914 enim

208 2949 263 3013 alii
278 2971 377 3036 quam
390 2958 519 3016 nostrae
534 2949 695 3032 ominari;
710 2965 818 3035 nequo
834 2939 944 3014 tamen
960 2949 1002 3014 de
1018 2958 1139 3034 nostra,
1158 2949 1247 3023 seda,

208 3050 249 3114 do
261 3051 352 3114 omui
368 3072 402 3114 ro
417 3051 549 3136 publica
562 3051 720 3138 disputo),
733 3051 840 3126 danda
852 3051 915 3116 erit
926 3073 1034 3139 opera,
1047 3061 1085 3117 ut
1100 3073 1217 3124 omncs⁴

208 3150 412 3236 intellegant,
431 3152 458 3215 si
477 3152 558 3217 salvi
580 3175 650 3218 esse
669 3153 783 3236 velint,
802 3154 986 3226 necessitati
1009 3175 1079 3220 esse
1100 3176 1210 3240 paren-

208 3253 299 3318 dum.
332 3253 447 3339 Atque
462 3255 563 3320 etiam
579 3276 701 3338 onmes,
714 3257 772 3342 qui
787 3278 856 3321 rem
873 3255 1039 3342 publicam
1053 3257 1210 3343 guberna

208 3357 302 3436 bunt,
321 3354 488 3434 consulere
514 3357 694 3439 debebunt,
713 3366 751 3423 ut
773 3380 884 3434 carum
907 3379 1016 3424 rernm
1042 3359 1137 3445 copia
1160 3359 1211 3439 sit,

207 3477 291 3544 quae
306 3466 383 3522 sunt
401 3459 609 3532 necessariae.
646 3451 796 3536 erarurn
809 3460 916 3546 qualis
930 3460 1129 3546 comparatio
1141 3459 1240 3536 fieriu

206 3559 308 3626 soleat
325 3568 361 3626 ct
376 3559 503 3644 debeat,
516 3582 582 3626 nou
599 3569 648 3626 est
664 3583 795 3628 necesse
806 3563 993 3650 disputare3
1009 3569 1058 3641 est
1072 3563 1161 3628 euim
1177 3563 1208 3626 in

160 3669 197 3730 75
207 3671 379 3752 promptn3
395 3671 525 3742 tantum
537 3662 630 3730 locus
641 3663 855 3750 attingendus
869 3665 945 3731 fuit.
980 3663 1090 3752 Oaput
1100 3673 1215 3736 autem.
