2710 4374
212 361 276 426 153
602 357 653 408 nu
673 356 827 410 osricus

212 509 291 578 tiam
310 509 526 577 introducunt
545 509 716 576 scientiam
735 507 1003 594 suppeditantem
1020 507 1198 594 voluptates,

211 611 432 701 depellentem
444 611 591 694 dolores3
606 609 840 678 fortitudinem
851 631 985 698 quoque
996 609 1198 696 aliquomodo

211 713 403 803 expediunt,
420 735 497 782 cum
515 713 652 780 tradunt
669 713 832 779 rationem
849 712 1074 800 neglegendae
1090 714 1199 797 mortis,

211 817 418 905 perpetiendi
432 815 571 900 doloris3
588 815 690 882 etiam
705 816 959 903 temperantiam
973 814 1135 881 inducunt
1145 837 1202 881 non

210 918 369 986 facillime
384 918 433 984 illi
447 917 594 1006 quidem,
606 917 663 984 sed
676 926 786 984 tamen
802 917 1047 1005 quoquomodo
1061 926 1202 1004 possunt3
1219 941 1232 982 s

210 1020 325 1088 dicunt
346 1022 435 1088 enim
459 1021 638 1108 voluptatis
659 1021 924 1108 magnitudinem
947 1019 1070 1085 doloris
1092 1020 1203 1086 detrac-

209 1123 300 1190 tione
314 1122 414 1189 finiri.
451 1122 584 1190 Iustitia
599 1123 729 1190 vacillat
744 1123 798 1190 vel
812 1123 896 1189 iacet
910 1123 1021 1210 potius
1036 1143 1205 1208 omnesque

209 1247 266 1294 aas
280 1227 429 1310 virtutes,
444 1247 528 1313 qnae
548 1226 582 1291 in
605 1226 844 1298 communitate
861 1233 1043 1292 comuntur
1057 1233 1092 1291 et
1108 1225 1143 1290 in
1163 1247 1206 1290 sc

209 1329 327 1396 cietate
343 1329 474 1417 generis
488 1327 634 1394 hnmani.
678 1326 798 1415 Neque
813 1327 903 1392 enim
918 1327 1046 1393 bonitas
1061 1348 1122 1418 nec
1135 1326 1206 1392 libe

208 1429 318 1497 ralitas
333 1451 393 1498 nec
407 1431 543 1498 comitas
557 1451 626 1495 esse
641 1437 759 1516 potest,
771 1450 838 1495 non
854 1429 1043 1516 plusquam
1057 1429 1238 1512 amicitiara

208 1533 236 1600 si
247 1531 326 1601 haec
337 1553 404 1599 uon
416 1554 475 1620 per
484 1555 519 1600 ee
530 1541 737 1618 expetantur,
750 1531 807 1597 eod
819 1531 861 1597 ad
874 1531 1207 1619 voluptatemntilita·

142 1647 200 1703 11⁰
210 1644 320 1704 temvo
334 1636 529 1702 referantur.
571 1635 791 1702 Conferamus
805 1635 910 1722 igitur
923 1635 958 1699 in
973 1656 1084 1722 panca.
1121 1633 1207 1700 Nam

209 1747 247 1805 ut
264 1737 443 1804 utilitatem
460 1736 585 1803 nullam
603 1757 674 1804 esse
691 1737 873 1822 docuimus,
885 1758 969 1824 qnae
985 1737 1147 1804 honestati
1165 1759 1207 1804 es

207 1849 259 1908 set
283 1841 455 1924 contraria,
473 1840 520 1906 sic
545 1861 678 1906 omnem
702 1839 906 1928 voluptatem
931 1840 1071 1906 dicimus
1096 1839 1207 1906 hones-

208 1943 269 2010 tati
283 1963 353 2010 esse
369 1943 576 2008 contrariam.
620 1941 696 2020 Quo
717 1944 823 2030 magis
840 1941 1125 2030 reprehendendos
1139 1942 1238 2009 Cal-n

209 2043 392 2133 liphoutcm
411 2053 445 2112 et
459 2044 705 2112 Dinomachum
725 2046 846 2128 indico,
861 2047 919 2133 qui
936 2068 971 2112 se
989 2033 1207 2132 dirempturos

209 2147 463 2215 controversiam
474 2155 685 2236 putaremnt,
697 2147 725 2214 si
737 2169 811 2214 cnm
823 2148 993 2216 honestate
1005 2148 1207 2235 voluptatem

209 2258 377 2338 tamquam
399 2273 475 2317 cnm
497 2249 632 2317 homine
654 2251 813 2338 pecudem
836 2251 1085 2338 copulavissent.
1130 2250 1207 2317 Non

208 2351 326 2439 recipit
347 2352 444 2418 istam
466 2353 733 2420 coniunctionem
755 2352 917 2436 honestas,
940 2361 1139 2441 aspernatur,
1163 2375 1209 2419 re

208 2453 311 2542 pellit
357 2453 431 2522 Nec
460 2477 539 2522 vero
563 2454 640 2521 finis
668 2455 830 2522 bonorum
862 2457 911 2540 [et
939 2455 1126 2542 malorum],
1151 2457 1240 2543 quin

209 2555 349 2645 simplex
371 2578 440 2624 esse
461 2557 571 2641 debet,
593 2580 635 2624 ex
657 2557 885 2624 dissimillimis
906 2559 1004 2626 rebus
1026 2559 1154 2626 misceri
1176 2567 1209 2624 et

209 2659 385 2748 temperari
407 2668 524 2747 potest.
569 2660 634 2728 Sed
658 2660 700 2726 de
721 2659 784 2727 boc
806 2661 939 2748 (magna
960 2662 1057 2734 enim¹
1072 2683 1123 2728 res
1147 2663 1209 2748 est)

143 2761 564 2850 120aliolocoplu1ibus3
592 2784 682 2829 nnnc
707 2763 748 2828 ad
774 2765 990 2851 propositum.
1035 2764 1143 2842 Quem
1168 2764 1209 2829 ad
1312 2813 1316 2818 .

209 2865 343 2932 modum
359 2867 471 2954 igitur,
486 2865 515 2931 ei
536 2865 669 2953 quando
692 2887 740 2948 ea,
755 2887 839 2953 quae
857 2867 991 2933 videtur
1006 2867 1141 2950 utilitas,
1157 2868 1210 2933 ho

209 2968 330 3033 nestati
353 2977 526 3056 repugnat,
549 2968 760 3036 diiudicanda
784 2990 836 3034 res
861 2969 913 3052 sit,
936 2971 1024 3036 satis
1038 2979 1088 3036 est
1113 2991 1243 3056 snpraae

210 3069 425 3156 disputatum.
460 3070 519 3136 Sin
537 3079 647 3137 antem
662 3071 804 3159 speciem
819 3071 972 3139 utilitatis
986 3074 1085 3139 etiam
1101 3073 1213 3160 volup

211 3179 260 3237 tas
273 3170 393 3238 habere
406 3172 545 3257 dicetur,
561 3173 652 3239 nnlla
669 3181 778 3261 potest
800 3194 869 3240 cese
890 3175 922 3240 ei
944 3196 1019 3241 cnm
1042 3175 1212 3243 honestate

211 3273 408 3340 coniunctio.
451 3273 551 3358 Nam,
563 3285 602 3341 ut
616 3277 800 3342 tribuamus
814 3277 939 3364 aliquid
955 3263 1127 3364 voluptati,
1140 3299 1213 3343 con·

211 3376 351 3442 dimenti
362 3375 499 3444 fortasse
511 3399 578 3444 non
594 3377 687 3462 nihil,
699 3379 854 3445 utilitatis
868 3388 955 3448 certe
969 3380 1053 3445 nilril
1067 3379 1211 3446 habebit.

145 3486 200 3539 121
254 3477 367 3544 Habes
387 3499 407 3542 a
428 3487 523 3566 patre
545 3502 675 3563 munus,
690 3479 801 3547 Marce
815 3480 874 3565 fili,
893 3503 967 3548 mea
987 3482 1120 3568 quidem
1144 3503 1246 3547 sen-n

212 3580 316 3646 tentia
330 3602 498 3668 magnum,
515 3582 571 3648 sed
587 3583 726 3669 perinde
740 3583 813 3665 erit,
828 3593 867 3650 nt
882 3585 1051 3672 acceperis.
1092 3583 1215 3662 Quam-

209 3705 310 3772 quam
334 3681 371 3750 bi
395 3683 458 3751 tibi
482 3692 548 3750 tres
571 3683 648 3751 libri
675 3685 764 3752 inter
788 3685 939 3775 Cratippi
964 3687 1217 3755 commentarios
