2710 4374
218 365 260 430 03
609 359 837 416 neormcrrs
889 369 894 378 ·
977 369 981 376 ²

217 521 331 584 utrum
343 511 521 595 honestius,
531 513 591 601 qni
602 510 694 581 loeus
704 533 725 581 a
734 511 895 581 Panaetio
909 517 959 584 est
970 513 1230 598 praetermissus

216 615 307 684 Nam
326 637 403 684 cum
424 615 532 684 omnis
550 613 704 684 honestas
723 621 836 682 manet
856 614 1043 702 apartibus
1057 623 1231 700 quattuor,

217 739 357 808 quarum
373 739 440 786 una
456 725 506 786 est
520 717 729 805 cognitionis,
742 716 845 786 altera
862 717 1121 798 communitatis,
1133 718 1233 787 tertia

217 819 508 909 magnanimitatis,
520 827 639 907 quarta
651 818 896 902 moderationis,
906 817 987 887 haec
1001 819 1036 884 in
1051 818 1232 906 deligendo

151 935 209 989 15³
218 923 326 994 officio
343 941 440 1010 saepe
457 921 546 991 iuter
560 943 595 992 se
611 929 844 1010 comparantur
861 942 992 990 nonense
1010 928 1071 988 est.
1113 921 1234 988 Placet
1252 945 1266 984 s

218 1026 322 1112 igitur
336 1025 464 1112 aptiora
477 1045 548 1092 esee
563 1031 700 1092 naturae
713 1045 753 1092 ea
766 1022 882 1107 officia
894 1044 979 1110 quae
993 1045 1035 1089 ex
1050 1025 1235 1092 eommuni-

155 1157 165 1170 =
218 1135 297 1210 tate,
308 1148 408 1214 quam
426 1148 474 1210 ea,
486 1147 571 1214 quae
590 1149 632 1194 ex
650 1125 843 1212 cognitione
861 1126 1036 1209 ducentur,
1049 1126 1151 1214 idque
1171 1127 1236 1193 lucc

218 1237 414 1317 argumento
429 1228 614 1298 confirmari
629 1237 748 1316 potest,
760 1228 901 1316 quodsi
916 1229 1093 1317 contigerit
1108 1251 1148 1296 ee
1164 1231 1237 1294 vita

219 1331 370 1420 sapienti,
384 1339 424 1400 ut
445 1331 596 1400 omnium
617 1353 728 1398 rerum
750 1329 962 1400 affluentibus
983 1331 1085 1418 copiis
1108 1333 1236 1415 omnia,
1353 1422 1354 1425 Ἴ

219 1455 304 1523 quae
331 1434 521 1522 cognitione
547 1433 649 1520 digna
673 1433 749 1518 sint,
768 1453 898 1502 summo
927 1434 996 1500 ctio
1020 1455 1135 1500 seeum
1162 1434 1270 1520 ipsese

219 1537 404 1606 consideret
419 1545 453 1604 et
467 1535 719 1624 contempletur,
731 1544 854 1620 tamen,
865 1535 1051 1602 sisclitudo
1067 1544 1161 1601 tanta
1181 1537 1237 1619 sit,

221 1649 259 1707 ut
278 1640 448 1707 hominem
467 1638 580 1704 videre
602 1661 669 1704 non
692 1639 804 1726 possit,
821 1639 959 1705 excedat
976 1660 994 1704 e
1014 1639 1092 1703 vitu.
1138 1638 1240 1704 Prin-

220 1763 362 1831 cepsque
380 1741 532 1808 omnium
550 1741 713 1806 virtutum
732 1740 790 1806 illa
810 1741 1096 1829 sapientiaquem
1116 1747 1240 1830 copiae

221 1846 339 1914 Graeci
362 1844 749 1931 vocant-prudentiam
771 1845 872 1927 enirn,
891 1865 992 1931 quam
1014 1843 1136 1910 Gracci
1158 1849 1240 1934 ppr'r

222 1977 313 2026 νησιν
330 1946 565 2030 dicnnt‚aliam
584 1945 750 2034 quandum
767 1946 1003 2034 intellegimus,
1015 1967 1100 2033 qnae
1118 1957 1169 2013 est
1190 1971 1272 2018 ren
1353 2012 1354 2015 ,

221 2071 296 2115 rum
318 2049 576 2136 expetendarum
597 2049 898 2136 fugiendarumque
919 2049 1078 2138 seientia-2
1099 2049 1164 2117 illa'
1177 2057 1241 2116 'au-

222 2161 290 2220 tem
308 2151 589 2239 sapientiaquem
608 2152 793 2239 principem
811 2152 892 2238 dixi,
908 2173 1018 2220 rerum
1037 2161 1089 2218 est
1104 2153 1239 2222 diuida-

221 2275 296 2340 ¹rum
311 2261 345 2319 et
359 2252 578 2320 humanarum
595 2254 742 2337 scientie,
754 2255 789 2319 in
807 2276 878 2343 qna¹
890 2255 1080 2322 continetur·
1093 2254 1238 2326 'deorum

222 2365 257 2424 et
274 2355 447 2423 hominum
467 2357 684 2424 communitas
704 2365 739 2424 et
757 2359 893 2425 societas
910 2357 998 2424 inter
1016 2358 1128 2445 ips0s;
1148 2363 1188 2424 e'a
1208 2360 1238 2424 si

222 2458 493 2543 maximorum
510 2467 559 2526 est
577 2467 675 2542 certe,
687 2480 816 2526 necesse
834 2460 996 2547 estquod
1012 2482 1033 2526 e
1051 2463 1272 2528 communi-sa

222 2569 290 2630 tute
307 2561 445 2628 ducatur
462 2560 617 2644 officium,
629 2561 664 2628 id
679 2581 748 2627 esse
767 2562 963 2628 inaximum.
1003 2561 1140 2630 Etenim
1159 2587 1239 2649 cog-

221 2666 306 2736 nitio
331 2664 633 2753 contemplatioque
661 2672 797 2730 naturae
822 2685 937 2731 manca
963 2665 1107 2752 quodam
1132 2669 1237 2734 modo

221 2780 320 2858 atque
342 2767 494 2837 inchoata
520 2769 572 2850 sit,
591 2767 619 2832 si
641 2766 732 2832 nulla
757 2767 842 2832 actio
864 2789 976 2834 rerum
1002 2777 1236 2856 consequaturss

222 2871 270 2940 Ea
284 2880 395 2940 autem
411 2871 496 2938 actio
511 2870 547 2935 in
558 2869 733 2936 hominum
748 2869 929 2937 commodis
942 2870 1073 2938 tuendis
1088 2873 1237 2940 maxime

221 2974 387 3056 cernitnr3
404 2973 549 3060 pertinet
559 2973 663 3060 igitur
676 2972 718 3041 ad
729 2972 917 3040 societatem
932 2973 1063 3060 generis
1074 2973 1270 3060 humani3e

155 3087 213 3142 154
222 3096 301 3160 ergo
316 3073 396 3140 haec
412 3075 596 3161 cognitioni
613 3074 843 3162 anteponenda
860 3083 920 3140 eet.
964 3075 1081 3163 Atque
1098 3077 1135 3143 id
1150 3079 1237 3165 opti-

222 3197 295 3242 mus
306 3175 445 3264 quisque
460 3176 581 3264 reipsa
596 3177 741 3244 ostendit
755 3184 789 3243 et
800 3176 932 3242 iudicat.
978 3176 1062 3256 Quis
1077 3179 1169 3245 enirn
1183 3190 1236 3247 est

221 3285 289 3343 tam
305 3278 444 3365 cupidus
459 3277 494 3342 in
506 3279 735 3366 perspicienda
749 3279 1039 3366 cognoscendaque
1055 3302 1168 3348 rerum
1179 3304 1236 3349 na-

221 3389 303 3462 tura,
318 3387 367 3464 ut,
382 3380 411 3445 si
428 3380 459 3447 ei
476 3382 631 3447 tractanti
650 3381 953 3470 contemplantique
971 3403 1023 3447 ree
1040 3384 1235 3470 cognitione

221 3481 427 3569 dignissimas
444 3483 554 3550 subito
573 3484 616 3550 sit
633 3483 769 3550 allatum
784 3483 970 3571 periculum
987 3483 1268 3574 discrimen'queso

220 3585 354 3671 patriae,
364 3586 418 3652 cui
430 3585 606 3652 subvenire
617 3585 838 3674 opitularique
849 3585 961 3672 possit,
972 3607 1039 3652 non
1051 3587 1109 3652 illa
1120 3589 1235 3654 omnia

220 3687 386 3777 relinquat
408 3698 508 3776 atque
529 3689 659 3772 abiciat,
678 3677 807 3756 etiamsi
828 3688 1037 3760 dinumerare
1063 3711 1099 3757 se
1113 3691 1234 3760 ,stellas
