2734 4362
362 391 434 444 LIB.
452 393 476 444 Ι.
512 390 595 444 ΟΔΡ.
611 391 652 456 28,
667 393 712 442 29.
743 390 759 453 5
776 393 882 448 99-104.
1090 398 1133 462 49

119 563 184 608 nec
206 541 327 608 rationi
349 549 476 628 parent,
494 542 550 610 oui
563 541 650 610 ¹suut
672 541 812 610 subiecti
833 542 908 631 lege
929 545 1089 628 naturae}
1115 566 1135 612 a

120 638 245 732 quibus
266 666 334 712 nou
357 644 456 711 modo
477 646 582 714 animi
603 646 850 734 perturbantur,
865 645 923 713 sed
944 647 1046 714 etiam
1066 669 1134 715 cor-

120 769 214 835 pora.
259 747 353 814 Licet
367 769 423 814 ora
440 748 511 836 ipsa
528 771 663 816 cernere
680 749 841 816 iratorum
858 757 916 816 aut
933 771 1059 834 eorum,
1074 750 1133 838 qui

121 857 183 916 aut
196 849 348 916 lubidine
361 847 474 937 aliqua
487 859 545 917 aut
563 859 655 918 metu
666 851 833 919 commoti
850 860 928 918 sunt
945 860 1004 919 aut
1020 852 1134 941 uolup

94 959 193 1020 state
217 951 322 1018 nimiu
346 953 516 1039 gestiunt;
538 975 680 1041 qnorum
706 953 858 1021 omnium
883 954 1004 1038 voltus,
1027 976 1134 1039 voces,

123 1061 237 1121 motus
252 1061 422 1141 statusque
436 1062 618 1124 mutentur.
662 1055 715 1123 Ex
733 1056 855 1144 quibus
872 1056 956 1122 illud
973 1057 1203 1145 intellegi-103

123 1164 189 1240 tur,
205 1165 245 1222 ut
264 1157 307 1223 ad
325 1156 425 1224 officii
447 1157 589 1224 formam
607 1167 822 1242 revertamur,
840 1159 1007 1246 appetitus
1022 1179 1137 1226 omnes

122 1261 365 1330 contrahendos
380 1263 605 1352 sedandosque
620 1285 688 1331 esse
703 1264 977 1352 excitandamque
991 1265 1137 1332 auimud·

122 1363 312 1430 versionem
323 1371 357 1431 ot
368 1365 587 1454 diligentiam,
599 1375 638 1432 ut
652 1389 695 1433 ue
706 1366 789 1454 quid
800 1373 924 1433 temere
937 1387 973 1434 ac
984 1367 1135 1452 fortuite,

79 1491 112 1532 ro
123 1465 365 1540 inconsiderate
376 1469 655 1556 neglegenterque
669 1489 815 1556 agamus.
848 1467 971 1556 Neque
985 1469 1074 1535 enim
1089 1470 1137 1536 ita

121 1570 273 1656 generati
290 1593 311 1636 a
327 1577 446 1637 natura
466 1589 589 1654 surmus,
613 1565 651 1637 ut
672 1571 714 1637 ad
735 1569 853 1637 ludum
868 1579 902 1638 et
923 1571 1034 1638 iooum
1055 1571 1137 1640 faeti

122 1693 195 1738 esse
218 1671 400 1757 videamur,
416 1673 456 1740 ad
482 1675 696 1740 severitatem·
717 1674 829 1761 potius
852 1673 952 1740 et'ed
970 1671 1136 1762 ‘quaedam

121 1775 233 1840 studia
247 1776 399 1863 graviora
413 1785 513 1864 atquo
528 1777 666 1847 maiora..
707 1775 804 1844 Ludo
820 1765 931 1843 autem
948 1785 982 1844 et
999 1777 1071 1844 io'oo
1087 1778 1134 1843 uti

121 1877 183 1944 illo
198 1878 335 1965 quidem
351 1877 439 1962 lieet,
456 1879 513 1945 sed
532 1880 617 1946 sicut
639 1898 755 1946 somno
777 1887 814 1946 et
834 1877 1001 1966 quietibus
1018 1880 1136 1948 ueteris

83 1987 208 2064 astum,
235 2001 311 2051 cum
336 1982 493 2068 gravibus
524 1980 810 2069 seriisque‘rebns
839 1981 917 2048 satis
946 1979 1133 2049 fecerimus.

122 2081 307 2170 Ipsumque
324 2095 431 2171 genus
448 2083 941 2172 iocandinon-proinsumneo
962 2083 1135 2152 immodes-

122 2191 208 2268 tum,
226 2183 285 2251 sed
303 2183 488 2274 ingenuum
506 2194 541 2252 et
558 2186 704 2252 facetum
727 2203 797 2254 esse
819 2185 928 2254 debet.
945 2205 949 2210 '
972 2187 1032 2254 Ut·
1043 2188 1134 2254 euim

122 2287 237 2374 pueris
252 2307 319 2354 uon
337 2309 472 2355 omnem
490 2285 627 2354 ludendi
639 2287 811 2356 'licentiam
831 2289 958 2373 damus,
974 2289 1032 2356 sed
1051 2311 1134 2374 eam,

123 2409 209 2477 quae
224 2391 266 2457 ab
280 2389 462 2458 honestatis
476 2391 743 2459 actionibusuon
759 2393 803 2458 sit
817 2391 997 2475 alienasic
1012 2391 1135 2480 inipso

85 2493 199 2560 eoiooo
213 2493 347 2581 aliquod
362 2494 459 2582 probi
473 2494 601 2582 ingenii
616 2491 729 2561 lumen
744 2494 882 2562 eluceat.
915 2494 1053 2583 Duplex
1068 2504 1203 2562 our-104

123 2595 206 2662 nino
220 2603 271 2662 est
288 2597 417 2663 iocandi
431 2613 547 2684 genus,
560 2616 668 2662 unum
679 2593 862 2680 inliberale,
873 2595 1037 2684 petulans,
1046 2595 1136 2685 flegi-

123 2699 257 2782 tiosnm,
272 2699 463 2783 obscenum,
478 2699 620 2768 alterum
639 2697 781 2787 elegans,
796 2699 971 2782 urbanum,
989 2699 1136 2786 ingenio·

123 2820 209 2884 sum,
227 2801 384 2868 facetum.
430 2802 506 2881 Quo
523 2821 645 2890 genere
662 2823 729 2868 non
748 2800 848 2867 modo
866 2795 1007 2866 Plautus
1023 2810 1136 2866 noster

125 2909 160 2968 et
174 2899 364 2970 Atticorum
384 2905 521 2992 antique
538 2903 718 2988 comoedia,
733 2904 790 2969 sed
806 2902 907 2970 etiam
925 2901 1135 2990 philosopho

88 3017 199 3072 aarum
220 3005 461 3074 Socraticorum
483 3007 562 3074 libri
583 3005 998 3094 resedissent-multaque
1016 3005 1133 3074 multo

124 3126 200 3172 rum
221 3107 450 3194 facete-dicta,
473 3117 512 3176 ut
534 3131 582 3194 ea,
600 3131 685 3197 quae
707 3131 726 3176 a
748 3105 976 3177 senevOetone
998 3107 1135 3177 collecta

124 3217 212 3293 suut,
228 3231 313 3298 quae
327 3219 448 3286 uocant
462 3211 699 3301 ἀποφθέγματα.
718 3211 720 3215 ’
745 3209 865 3278 Facilis
882 3213 987 3298 igitur
1004 3219 1054 3278 est
1072 3212 1135 3278 dis·

124 3310 242 3378 tinctio
255 3313 395 3400 ingenui
406 3323 444 3388 ,et
454 3313 635 3382 inliberalis
650 3315 723 3382 ioci.
761 3314 861 3381 Alter
871 3323 929 3398 est,
942 3314 970 3380 si
984 3321 1134 3402 tempore

122 3411 173 3498 fit,
183 3421 223 3479 ut
234 3414 262 3480 si
273 3415 410 3483 remisso
421 3417 542 3500 auimo,
553 3415 752 3504 pravissimo
762 3415 1040 3503 lrominediguus,
1052 3415 1135 3482 ulter

89 3537 166 3582 sone
182 3515 289 3584 libero
307 3518 454 3605 quidem,
473 3520 501 3585 si
519 3537 628 3586 rerum·
647 3519 857 3607 turpitudini
866 3517 1043 3585 adhibetur
1065 3539 1135 3586 ver-

123 3619 242 3684 borum
260 3621 453 3688 obscenitas.
498 3621 650 3689 Ludendi
668 3621 768 3688 etiam
786 3621 992 3708 estquidam
1014 3620 1134 3687 modus

122 3722 327 3808 retinendus,
345 3732 384 3791 ut
407 3743 449 3792 ue
470 3724 572 3792 nimis
593 3725 709 3792 omnia
727 3724 969 3813 profundamus
989 3722 1134 3810 elatique

619 3819 638 3880 3
