2710 4374
445 1013 587 1082 menn
616 1013 854 1124 rnnrrnsq

159 1271 202 1339 P.
227 1273 440 1362 Scipionem,
464 1274 514 1340 M.
537 1274 598 1358 fili,
623 1297 711 1360 eum,
730 1276 788 1363 qui
810 1277 938 1364 primns
959 1253 1169 1345 Africanus1

117 1376 308 1464 appellatus
334 1385 397 1460 cst,
424 1377 533 1444 dicere
555 1378 690 1443 solitum
713 1379 843 1465 scripsit
870 1380 964 1463 (lato,
987 1381 1047 1467 qui
1073 1345 1166 1446 fuitl

118 1479 187 1545 eius
210 1480 287 1546 fere
312 1480 471 1567 aequalis,
494 1479 677 1567 numquam
700 1502 735 1546 se
761 1482 873 1547 minus
896 1483 1038 1548 otiosum
1060 1504 1140 1567 esse,

102 1603 218 1668 quem
234 1605 319 1650 curn
338 1584 473 1666 otiosus,
492 1605 554 1649 nee
572 1584 682 1649 minus
699 1583 818 1666 solum,
834 1605 934 1669 quern
957 1607 1032 1651 cum
1045 1583 1141 1652 {solus

98 1678 214 1750 resset.
259 1684 448 1773 Magnifice
469 1707 549 1752 vero
570 1707 639 1752 vox
656 1693 691 1750 et
709 1687 839 1772 magno.
851 1687 976 1752 viro-ue
992 1687 1140 1774 sapiente

121 1785 240 1874 digna3
263 1810 356 1876 quae
371 1787 514 1854 declarat
531 1787 628 1853 illum
644 1796 678 1854 et
692 1788 728 1852 in
746 1787 816 1854 otio
834 1788 876 1854 de
894 1789 1037 1877 negotiis
1054 1789 1141 1876 cogi·

120 1895 190 1955 tare
215 1900 252 1956 et
278 1892 320 1956 in
337 1890 527 1957 -solitudine
552 1911 664 1956 seeum
687 1890 780 1977 loqui
805 1890 950 1974 solitum,
972 1899 1010 1956 ut
1031 1913 1140 1979 neque

122 2003 261 2060 cessaret
283 2015 447 2080 umquem
470 2000 505 2058 et
525 1993 694 2059 interdum
716 1993 892 2081 conloquio
914 1995 1049 2061 alterius
1071 2017 1140 2062 non

122 2104 244 2181 egeret.
279 2096 338 2163 Ita
352 2097 437 2162 duee
452 2089 613 2182 r‘es,2quee
628 2094 820 2183 languorem
836 2097 994 2164 adferunt
1009 2099 1137 2182 ceteris,

93 2214 117 2256 ro
126 2197 217 2264 illum
236 2200 413 2282 acuebant,
432 2199 592 2264 otiumret
609 2198 763 2265 solitudo.
805 2199 939 2266 Vellem
961 2201 1138 2269 nobishoc

124 2303 213 2370 idem
228 2328 311 2373 vere
328 2306 436 2372 dicere
451 2305 565 2382 liceret
575 2325 585 2387 3
607 2305 664 2370 sed
686 2306 714 2370 si
732 2305 842 2371 minus
859 2307 1050 2398 imitatione
1068 2315 1138 2373 ten-

126 2412 192 2472 tem
207 2409 339 2498 ingenii
354 2407 588 2495 praestantiam
603 2409 763 2494 consequi
773 2405 954 2496 possumne,
967 2410 1138 2477 voluntate

126 2519 213 2578 certe
227 2513 383 2600 proxime
397 2507 603 2593 accedimus3
622 2532 700 2576 nam
714 2519 749 2577 et
764 2534 784 2578 a
799 2534 837 2578 re
854 2513 987 2598 publice
997 2513 1138 2578 *forensi-

129 2611 252 2701 busque
284 2615 428 2702 negotiis
456 2615 555 2679 ermis
581 2613 699 2700 impiis·
720 2615 820 2700 vique
845 2613 1006 2700 prohibiti
1031 2614 1135 2679 etium

11 2757 12 2762 κ
99 2713 558 2806 lepersequimuretob-eam
577 2737 707 2782 causam
723 2717 807 2782 urbe
824 2715 1032 2781 relictarum
1049 2737 1137 2801 pera·
1225 2715 1234 2736 ’

130 2829 258 2903 grentes
284 2842 382 2905 saepe
407 2819 469 2886 soli
495 2840 618 2885 sumus.
656 2818 731 2884 sed
759 2839 821 2883 nee
846 2817 908 2883 hoc
931 2816 1038 2882 otium
1061 2829 1164 2883 eum2

131 2922 284 2990 Africani
302 2923 371 2989 otio
393 2944 455 2998 nec
476 2921 557 2987 haee
577 2920 721 2987 solitudo
743 2939 818 2986 cum
841 2918 898 2984 illc
919 2920 1138 3006 comparanda

117 3032 189 3090 est.
230 3025 404 3092 Illeenim
419 3024 627 3111 requiescens
644 3022 726 3099 arei
742 3021 893 3108 publicae
907 3013 1137 3108 pulcherrimis

132 3129 323 3194 muneribus
347 3127 457 3192 otium-
476 3126 541 3192 sibi
567 3125 718 3190 sumebat
746 3124 922 3212 aliquando
943 3131 978 3190 et
998 3146 1018 3191 e
1040 3133 1135 3192 coetu

105 3224 303 3297 ”bominum
318 3229 572 3316 frequentiaque
584 3227 752 3292 interdum
767 3235 936 3315 tamquam
951 3228 1136 3315 importum

133 3349 165 3395 se
179 3331 212 3398 in
228 3333 441 3399 solitudinem
457 3330 646 3416 recipiebat,
661 3329 811 3396 nostrum
829 3338 948 3396 eutem·
958 3335 1065 3397 otium
1082 3353 1136 3398 ne·

135 3436 213 3516 getii
229 3436 351 3523 inopia,
366 3456 433 3500 non
444 3433 684 3520 requiescendi
703 3433 822 3499 studio¹
835 3433 1053 3499 constitutum
1075 3443 1135 3500 esta

109 3577 113 3583 -
135 3532 285 3604 Extincto
300 3537 389 3603 enim
404 3543 521 3601 senatu
536 3534 720 3620 deletisque
734 3535 866 3602 iudiciis
880 3534 962 3622 quid
980 3536 1136 3622 estquod

12 3625 13 3634 ’
137 3635 268 3726 dignum
283 3640 378 3706 nobis
393 3646 450 3704 eut
467 3638 503 3703 in
519 3638 609 3705 curie
623 3645 681 3703 eut
695 3637 731 3702 in
745 3638 820 3714 loro
838 3659 935 3726 agere
951 3637 1136 3724 possimusl

108 3735 193 3826 elta,
207 3744 264 3832 qui
282 3744 318 3808 in
337 3742 481 3808 maxima
498 3740 699 3808 celebritate
712 3747 810 3826 etque
831 3740 867 3805 in
886 3736 1163 3806 oculisciviurnt
