2734 4362
414 409 485 460 LIB.
504 409 527 462 1.
553 401 644 461 'CAR
663 409 705 473 24,
723 411 765 462 25.
801 407 816 471 §
833 409 924 463 84-88.
1132 413 1174 477 43

164 558 254 647 apud
270 551 492 624 Atheniensis
502 579 641 645 magnae
659 558 851 643 discordiae,
867 559 901 624 in
918 567 1029 625 nostra
1044 582 1079 626 re
1094 561 1175 648 pub

163 662 320 727 lica-non
348 659 456 726 solnm
479 660 666 744 seditiones,
692 661 749 726 sed
778 661 877 728 etiam
904 661 1063 748 pestifera
1089 662 1175 728 bella

164 763 276 829 civilia
285 784 294 845 3
310 783 396 849 qnae
409 763 521 849 gravis
535 772 570 828 et
587 763 684 828 fortis
701 763 783 828 civis
797 771 832 832 et
849 763 884 828 in
902 764 1088 852 republica
1104 765 1174 852 dig-

164 888 229 932 nus
242 865 431 952 principatu
446 864 557 952 fugiet
574 872 673 952 atque
691 865 799 932 oderit
816 866 990 953 tradetque
1007 888 1042 933 se
1064 874 1173 933 totum

140 969 214 1034 arei
237 967 390 1055 publicae
413 987 522 1054 neque
545 989 625 1054 opes
647 975 705 1033 aut
726 969 911 1055 potentiam
932 970 1175 1036 consectabitur

164 1078 336 1158 totamque
358 1091 431 1136 eam
450 1070 496 1136 sic
508 1071 671 1154 tuebitur,
690 1077 728 1136 ut
746 1071 900 1138 omuibus
921 1071 1089 1156 cousulat3
1111 1093 1174 1138 nec

164 1195 244 1240 vero
270 1172 462 1240 criminibus
489 1171 583 1238 falsis
604 1171 640 1236 in
663 1173 777 1238 odium
799 1181 858 1239 aut
879 1173 1040 1240 invidiam
1063 1195 1174 1262 quem·

164 1297 264 1362 quam
295 1275 427 1341 vocabit
456 1275 659 1361 omninoque
690 1275 738 1339 ita
765 1275 911 1341 iustitiae
942 1275 1174 1364 honestatique

160 1377 383 1460 adhaerescet,
401 1383 450 1460 ut,
474 1376 555 1442 dum
581 1398 620 1442 ea
646 1385 827 1461 conservet,
850 1379 1002 1464 quamvis
1027 1379 1174 1465 graviter

126 1479 312 1546 reoffendat
333 1487 543 1566 mortemque
560 1487 697 1567 oppetat
715 1481 943 1567 potiusquam
961 1481 1088 1547 deserat
1105 1481 1172 1564 illa,

164 1605 248 1672 qnae
263 1583 343 1649 dixi.
376 1582 564 1648 Miserrima
579 1583 715 1648 omnino
730 1590 779 1650 est
794 1584 931 1650 ambitio
943 1583 1172 1669 honorumque
1183 1593 1220 1654 87

164 1687 344 1771 contentio,
356 1686 399 1752 de
413 1707 479 1773 qua
490 1684 655 1773 praeclare
669 1685 758 1773 apud
770 1685 913 1752 eundem
925 1693 975 1752 est
985 1685 1172 1770 Platonem,

165 1789 348 1856 “similiter
368 1789 479 1856 iacere
500 1810 566 1872 eos,
585 1789 644 1875 qui
665 1789 753 1855 iuter
775 1810 809 1856 se
832 1789 1079 1873 contenderent,
1098 1799 1173 1856 uter

163 1897 275 1983 potius
296 1917 366 1962 rem
384 1894 551 1983 publicam
569 1895 822 1980 administraret,
837 1903 875 1961 ut
892 1895 920 1961 si
937 1902 1057 1961 nautae
1074 1903 1173 1964 certa-

126 2021 155 2065 aa
165 2007 250 2083 rent,
269 1999 343 2086 quis
364 2021 479 2066 eorum
501 1997 710 2086 potissimum
735 1998 966 2087 gubernaret.’'
1010 1997 1172 2087 Idemque

163 2101 335 2190 praecipit,
353 2109 392 2167 nt
414 2103 499 2168 “eos
512 2101 722 2167 adversarios
748 2102 983 2184 existimemus,
1002 2102 1060 2188 qui
1081 2123 1172 2168 arma

164 2211 279 2272 contra
295 2203 416 2286 ferant,
430 2225 499 2271 non
518 2225 583 2287 cos,
599 2204 657 2290 qni
679 2225 739 2269 suo
756 2203 879 2270 iudieio
897 2205 984 2271 tueri
1002 2226 1072 2270 rem
1092 2205 1173 2291 pub

163 2307 262 2374 licam
276 2305 414 2390 velint,'’
426 2305 532 2394 qualis
546 2306 614 2371 fuit
628 2307 717 2372 inter
730 2305 770 2372 P.
783 2306 984 2374 Africanum
998 2315 1032 2374 et
1048 2307 1090 2386 Q.
1102 2306 1172 2372 Me-

163 2409 283 2476 tellum
296 2409 367 2476 sins
382 2410 558 2476 acerbitate
572 2409 741 2476 dissensio.

126 2541 156 2581 ao
207 2512 280 2580 Nee
295 2535 374 2580 vero
389 2512 554 2596 audiendi,
570 2513 629 2598 qui
644 2513 790 2599 graviter
804 2512 947 2578 inimicis
964 2513 1170 2578 irascendum
1181 2529 1219 2582 88

164 2615 330 2704 putabunt
358 2615 459 2703 idque
483 2614 688 2703 magnanimi
711 2622 745 2680 et
766 2613 865 2679 fortis
887 2613 951 2678 viri
974 2636 1043 2680 esse
1064 2636 1172 2681 cense-

164 2722 268 2802 bunt3
290 2718 376 2784 nihil
390 2719 479 2784 enim
494 2717 703 2800 laudabilius,
719 2716 804 2781 nihil
819 2737 940 2802 magno
955 2722 989 2782 et
1006 2716 1172 2802 praeclaro

165 2824 237 2890 viro
258 2822 393 2910 dignius
410 2820 631 2910 placabilitate
649 2827 749 2906 atque
767 2818 951 2884 clementia.
995 2817 1036 2883 In
1060 2818 1172 2886 liberis

163 2947 243 2992 vero
257 2924 391 3012 populis
408 2931 443 2990 et
460 2923 495 2988 iu
513 2922 596 2988 iuris
613 2919 846 3008 aequabilitate
868 2921 1049 2987 exercenda
1071 2923 1169 2989 etiam

127 3027 213 3094 esest
230 3027 371 3095 facilitas
389 3034 423 3093 et
440 3026 581 3092 altitudo
599 3025 712 3108 animi,
731 3045 815 3111 qnae
833 3023 965 3106 dieitur,
980 3047 1032 3108 ne,
1051 3025 1078 3091 si
1096 3025 1172 3093 iras·

161 3152 277 3197 camur
299 3138 356 3196 aut
380 3129 614 3216 intempestive
637 3126 868 3194 accedentibus
892 3134 949 3192 aut
971 3127 1172 3214 inpudenter

161 3233 364 3320 rogantibus,
380 3233 415 3297 in
431 3233 653 3298 morositatem
669 3229 824 3296 inutilem
842 3237 876 3296 et
890 3229 1035 3296 odiosam
1050 3231 1172 3297 incida-

161 3357 246 3402 mus.
290 3335 336 3401 Et
357 3343 468 3402 tamen
492 3335 540 3401 ita
562 3333 732 3422 probanda
754 3341 805 3399 est
830 3333 1047 3399 mansuetudo
1070 3343 1171 3421 atque

161 3438 402 3522 clementiani
424 3437 619 3504 adhibeatur
640 3436 689 3503 rei
711 3436 864 3524 publicae
885 3457 981 3502 causa
1002 3437 1169 3520 severitas,

125 3541 232 3607 sosine
247 3563 313 3628 qna
327 3541 548 3606 administrari
564 3541 759 3607 civitas-non
774 3547 893 3627 potest.
927 3539 1046 3604 Omnis
1058 3547 1168 3606 nutem

159 3651 195 3709 et
213 3643 455 3710 animadversio
477 3651 512 3710 et
529 3644 698 3732 castigatio
717 3641 919 3709 contumelia
936 3663 1051 3708 vacare
1069 3643 1169 3710 debet

159 3767 271 3833 neque
288 3745 331 3812 ad
346 3747 426 3830 eius,
438 3747 497 3833 qui
512 3747 651 3834 punitur
664 3746 808 3834 aliquem
824 3753 882 3811 ant
897 3746 1006 3811 verbis
1021 3746 1168 3832 castigat,
