2710 4374
430 407 499 459 LIB.
518 407 556 458 11.
579 407 670 460 ‘CAR
687 411 778 460 15-17.
814 407 829 469 ξ
847 409 934 460 54-58.
1119 411 1180 474 101

166 557 384 648 popularium
399 557 576 624 munerum
589 557 770 645 taliumque
782 567 976 646 sumptuum
988 558 1181 626 facultatem

166 662 320 726 fructum
344 659 537 725 divitiarum
564 667 669 746 put-at.
720 660 806 726 Mihi
834 670 945 727 autem
971 661 1028 728 ille
1052 661 1181 728 fructus

166 761 387 844 liberalitatis,
400 763 492 828 cuius
506 783 611 849 pauca
622 763 775 850 exempla
789 764 895 850 posui,
909 764 1013 830 multo
1028 772 1062 830 et
1078 764 1182 830 maior

167 866 305 932 videtur
315 871 350 930 et
365 865 493 932 certior.
528 864 662 942 Quanto
673 865 871 932 Aristoteles
881 868 1015 954 gravius
1026 873 1060 934 et
1073 865 1181 933 verius

143 989 231 1034 suos
252 966 485 1059 reprehendit!
508 967 568 1053 qui
590 966 648 1032 has
669 969 884 1055 pecuniarum
909 969 1085 1035 effusiones
1113 990 1179 1034 non

167 1071 382 1152 admiremur,
401 1090 486 1155 quae
504 1068 591 1136 fiunt
612 1069 653 1136 ad
676 1071 927 1138 multitudinem
944 1071 1178 1139 deliniendam.

168 1174 234 1238 Ait
249 1173 349 1255 enim,
366 1173 453 1258 “qui
477 1172 519 1238 ab
542 1171 637 1238 hoste
660 1173 863 1256 obsidentur,
886 1174 915 1240 si
940 1196 1051 1240 emere
1076 1195 1180 1261 aquae

168 1274 350 1340 sextarium
363 1282 559 1361 cogerentur
574 1275 673 1357 mina,
686 1275 749 1341 hoe
760 1276 868 1362 primo
879 1275 1072 1343 incredibile
1083 1276 1180 1343 nobis

168 1377 288 1459 videri,
307 1399 487 1463 omnesque
505 1378 627 1459 mirari,
646 1378 703 1443 sed
721 1400 798 1444 cum
816 1379 1028 1464 attenderint,
1047 1380 1179 1444 veniam

127 1479 355 1546 wuecessitati
371 1480 467 1561 dare3
490 1479 525 1543 in
544 1478 596 1544 his
614 1480 802 1546 inmanibus
820 1481 953 1546 iacturis
974 1479 1179 1566 infinitisque

168 1583 358 1669 sumptibus
373 1581 458 1646 nihil
472 1603 533 1647 nos
549 1604 749 1669 magnopere
761 1582 884 1664 mirari,
896 1588 973 1647 cum
986 1583 1179 1669 praesertim

167 1705 279 1771 neque
304 1684 490 1755 necessitati
515 1685 738 1750 subveniatur
759 1707 820 1752 nec
848 1685 992 1772 dignitas
1020 1693 1180 1772 angeatur

168 1789 306 1874 ipsaque
321 1787 378 1852 illa
392 1785 570 1858 ,delectatio
589 1786 814 1868 multitudiuis
832 1787 874 1853 ad
890 1789 990 1854 breue
1008 1788 1179 1874 exiguum·

168 1912 235 1977 que
262 1899 395 1977 tempus
420 1889 586 1976 captator,
611 1912 715 1976 eaque
737 1913 756 1956 a
777 1890 955 1956 levissumo
976 1897 1119 1978 quoque,
1142 1891 1177 1956 iu
1219 1905 1221 1912 ’

126 2015 237 2080 usquo
263 1999 373 2058 tamen
399 1993 564 2084 ipsonua
589 2015 665 2058 cum
688 1995 842 2060 satietate
862 1995 1021 2059 memoria
1045 2015 1178 2081 quoque

168 2096 330 2161 moriatur
347 2094 559 2187 voluptatis.’'
589 2095 796 2163 Benezetum
808 2095 935 2183 colligit
948 2100 967 2156 t‘
975 2096 1055 2163 haec
1066 2097 1176 2183 pueris
1186 2103 1223 2163 57

167 2207 204 2264 et
222 2197 423 2264 mulierculis
441 2207 476 2263 et
498 2199 600 2263 servis
622 2206 656 2264 et
678 2219 848 2265 servorum
871 2199 1048 2266 simillimis
1065 2200 1177 2266 liberis

167 2323 239 2368 esse
253 2308 355 2388 grata,
370 2301 465 2388 gravi
482 2323 559 2366 vero
579 2300 708 2366 homiui
723 2310 756 2369 et
774 2313 821 2385 ea,
838 2325 922 2389 quae
938 2301 1034 2386 fiunt,
1053 2303 1176 2368 iudicio

166 2412 260 2470 certo
275 2404 472 2491 ponderanti
495 2403 627 2490 probari
649 2413 749 2490 posse.
765 2405 857 2471 nullo
880 2405 1010 2490 ruodo.’'
1040 2404 1176 2483 ¹(luam-

126 2531 157 2572 so
167 2529 269 2593 quam
287 2505 445 2593 intellego
460 2507 496 2570 in
511 2513 623 2572 nostra
638 2507 772 2574 civitate
786 2508 984 2573 inveterasse
1000 2508 1066 2572 iam
1083 2509 1176 2573 bonis

167 2609 385 2695 temporibus,
407 2616 445 2674 ut
468 2607 625 2695 splendor
646 2608 851 2674 aedilitatum
874 2610 916 2675 ab
938 2609 1073 2695 optimis
1096 2609 1177 2674 uiris

166 2711 362 2799 postuletur.
375 2751 377 2755 ,
396 2710 514 2797 Itaque
529 2718 562 2776 et
578 2710 617 2776 P.
632 2711 767 2776 Crassus
781 2729 856 2774 cum
873 2709 1069 2794 cognomine
1084 2711 1176 2777 dives

166 2824 240 2879 tum
266 2815 369 2901 copiis
390 2813 527 2878 functus
553 2812 777 2883 estaedilicio
805 2812 949 2877 maximo
972 2831 1119 2892 munere,
1143 2819 1177 2876 et

165 2916 266 3002 paulo
281 2924 357 3003 post
372 2915 408 2980 L.
425 2905 560 2982 Crassus
577 2937 654 2981 cum
672 2914 822 2980 omnium
840 2912 1015 2979 homiuum
1033 2913 1177 2979 modera-

128 3019 295 3084 ntissimo
313 3017 354 3096 Q.
373 3016 485 3084 Mucio
508 3017 831 3104 magnificentissima
852 3015 1019 3106 aedilitate
1040 3016 1177 3084 functus

166 3129 227 3202 est,
250 3120 372 3186 deinde
395 3120 432 3185 Ο.
450 3119 609 3186 Claudius
631 3119 722 3206 App.
746 3119 782 3203 f,
806 3119 904 3184 multi
926 3127 1011 3206 post,
1034 3119 1175 3204 Luculli,

165 3222 376 3306 Hortensius,
389 3221 520 3288 Silanus
531 3243 539 3304 3
552 3243 667 3294 omnes
681 3230 791 3288 atatem
804 3221 844 3288 P.
857 3221 1018 3288 Lentulus
1034 3243 1087 3288 me
1102 3244 1176 3289 con·

166 3325 237 3392 sule
250 3325 330 3390 vicit
342 3325 540 3411 superiores3
559 3323 648 3390 hunc
659 3331 708 3390 est
721 3325 862 3390 Scaurus
872 3325 1036 3406 imitatus3
1052 3325 1176 3411 magni·

164 3427 382 3494 licentissime
395 3449 474 3492 vero
491 3427 595 3492 nostri
618 3427 759 3514 Pompei
781 3449 918 3493 munera
940 3427 1084 3494 seeundo
1102 3449 1175 3493 cou-

128 3531 294 3624 ausulatu3
309 3531 345 3594 iu
357 3530 477 3617 quibus
489 3530 642 3596 omnibus
653 3531 733 3616 quid
747 3531 828 3602 milri
840 3531 975 3617 placeat,
987 3530 1088 3596 vides.
1117 3501 1223 3644 Vi-15}

164 3635 266 3700 tanda
284 3641 395 3700 tamen
414 3633 557 3722 suspicio
574 3641 623 3698 est
645 3634 809 3700 avaritiae.
854 3632 1032 3716 Mamerco,
1048 3633 1175 3698 homini

165 3737 375 3822 divitissimo,
398 3737 641 3824 praetermissio
663 3736 838 3803 aedilitatis
861 3736 1048 3804 consulatus
1070 3735 1184 3822 repul-1
