2710 4374
214 373 255 438 86
603 369 653 421 nu
675 369 828 423 orrrcns

213 521 306 588 Haeo
327 521 431 609 igitur
448 521 518 608 ipsa
539 519 677 587 fortuna
697 526 824 586 eeteros
845 539 938 586 casus
958 519 1096 586 rariores
1113 519 1218 606 habet,

214 625 358 712 primum
379 625 421 692 ab
441 624 595 690 inanimis
618 622 785 711 procellas,
800 629 1021 710 tempestates,
1037 623 1217 712 naufragia,

212 728 332 810 ruinas,
342 727 503 809 incendia,
514 726 635 792 deinde
646 747 665 791 a
676 725 789 792 bestiis
803 725 899 808 ictus,
910 747 1047 809 morene,
1057 726 1218 812 impetns;

165 828 664 916 aohueesrgo,utdixi,rerioru.
698 827 1216 912 Atverointeritusexeroituum,

212 939 250 996 ut
262 933 411 1018 proxime
423 931 534 1014 trium,
545 951 640 1018 saepe
651 929 844 1012 multorum,
855 929 962 995 clades
973 930 1217 1017 imperatorum,
1235 951 1246 990 a

214 1043 251 1099 nt
271 1055 378 1120 nuper
399 1033 521 1098 summi
543 1039 577 1099 et
598 1031 774 1120 singularis
796 1032 870 1115 viri,
885 1031 1031 1098 invidiae
1053 1041 1219 1119 praeterea

214 1135 436 1200 multitudinis
447 1141 546 1221 atque
561 1133 604 1201 ob
615 1155 669 1200 eas
680 1135 764 1200 bene
779 1135 973 1200 meritorum
984 1154 1083 1221 saepe
1098 1135 1219 1201 civium

213 1229 430 1324 expulsiones,
442 1235 651 1319 calamitates,
662 1235 772 1324 fugae,
785 1251 961 1322 rursusque
978 1236 1143 1302 secundae
1160 1240 1218 1320 res,

214 1340 362 1424 honores,
381 1339 529 1427 imperia,
549 1339 715 1422 victoriae,
736 1359 938 1426 quamquam
964 1337 1106 1404 fortuita
1134 1349 1218 1423 sunt,

214 1453 324 1508 tamen
354 1441 425 1508 sine
453 1441 626 1508 hominum
656 1441 775 1528 opibus
800 1447 835 1506 et
860 1440 978 1507 studiis
1007 1442 1247 1535 neutramlinn

213 1553 339 1634 partem
362 1543 447 1611 effiei
470 1552 615 1632 possunt.
665 1543 741 1610 Hoc
763 1544 867 1632 igitur
888 1543 1021 1631 cognito
1043 1543 1218 1610 dicendum

214 1656 272 1731 est,
281 1669 426 1734 quonam
442 1647 541 1714 modo
556 1647 729 1713 hominnm
744 1646 852 1712 studia
866 1646 908 1711 ad
920 1645 1080 1711 utilitates
1095 1655 1220 1712 nostras

213 1751 343 1816 allicere
360 1757 460 1837 atque
476 1749 619 1816 excitare
636 1749 808 1837 possimus.
853 1747 947 1827 Quae
963 1748 992 1814 si
1006 1736 1140 1836 longior
1153 1748 1220 1814 fue

214 1853 258 1918 rit
275 1853 481 1935 orationum
504 1851 734 1938 magnitudine
756 1851 909 1916 utilitatis
929 1859 1156 1938 comparetur3
1176 1853 1220 1916 itu

214 1955 353 2021 fortasse
367 1956 466 2020 etiam
483 1955 614 2020 brevior
628 1954 806 2021 videbitur.
1226 1979 1248 2020 n

167 2077 202 2130 21
258 2056 494 2143 Quaecumque
509 2057 613 2143 igitur
622 2055 773 2122 homiues
784 2055 912 2122 homini
928 2056 1080 2122 tribuunt
1091 2057 1132 2122 ad
1145 2075 1219 2123 erum

214 2157 403 2245 augendum
418 2168 517 2244 atque
530 2158 780 2242 honestandam,
791 2167 849 2224 aut
860 2158 1103 2226 benivolentiae
1116 2161 1220 2246 gratia

213 2262 351 2343 faciunt,
370 2282 445 2326 oum
467 2260 577 2347 aliqua
598 2260 640 2325 de
661 2281 758 2327 eausa
779 2261 969 2348 quempiam
991 2261 1147 2348 diligunt,
1165 2269 1220 2327 aut

213 2363 357 2446 honoris,
369 2363 397 2428 si
412 2361 503 2429 ouius
518 2362 677 2428 virtutem
695 2363 889 2450 suspiciunt,
902 2384 1067 2450 quemque
1082 2362 1220 2452 dignum

214 2468 350 2534 fortuna
367 2488 466 2553 quam
483 2465 685 2552 amplissima
699 2475 828 2553 putant,
840 2474 898 2532 aut
915 2467 969 2532 oui
983 2465 1083 2532 fidem
1099 2467 1249 2534 habenta

213 2579 248 2636 et
264 2571 346 2637 bene
361 2570 459 2635 rebus
473 2569 541 2634 suis
555 2568 725 2634 consulere
742 2561 951 2655 arbitrantur,
964 2578 1021 2636 aut
1035 2571 1129 2636 cuins
1144 2591 1221 2658 opes

213 2682 377 2756 metuunt,
396 2679 454 2738 aut
479 2666 641 2753 coatrae
666 2673 787 2759 quibus
812 2673 938 2760 aliquid
964 2681 1166 2762 exspectant,
1184 2682 1221 2739 ut

213 2799 288 2843 oum
304 2773 396 2864 reges
411 2773 629 2862 popularesve
640 2773 791 2841 homiues
804 2775 996 2863 largitiones
1010 2777 1136 2864 aliquas
1150 2799 1220 2864 pro

213 2887 352 2965 ponunt,
363 2888 419 2942 aut
430 2886 597 2964 postremo
613 2877 720 2963 pretio
735 2898 773 2944 aa
788 2877 939 2943 mercede
950 2878 1127 2962 ducuntur,
1137 2901 1220 2965 quae

213 2979 435 3046 sordidissima
454 2987 504 3043 est
521 2978 579 3044 illa
596 2979 731 3066 quidem
751 2979 836 3044 ratio
856 2987 890 3044 et
907 2979 1172 3066 inquinatissima
1188 2988 1247 3046 eta

213 3083 264 3164 iis,
280 3082 337 3169 qui
355 3102 393 3146 ea
411 3087 576 3165 tenentur,
592 3090 626 3146 et
644 3080 719 3164 illis,
735 3080 793 3167 qui
816 3081 856 3146 ad
875 3103 946 3146 eam
968 3080 1150 3168 confugere
1172 3105 1220 3149 oo

165 3195 202 3247 22
214 3192 353 3264 nautur;
375 3181 460 3247 male
478 3183 567 3248 enim
585 3205 620 3249 se
637 3183 691 3249 res
707 3182 816 3267 habet,
828 3205 913 3266 enm,
925 3183 1015 3270 quod
1033 3175 1158 3249 uirtute
1176 3184 1219 3248 ef-

212 3286 268 3352 fici
289 3284 397 3367 debet,
415 3283 450 3350 id
473 3292 655 3371 temptatur
680 3287 830 3374 peounia.
882 3285 948 3352 Sed
970 3287 1126 3372 quoniam
1153 3307 1218 3352 non

212 3407 394 3473 numquam
406 3385 469 3453 hoe
484 3387 668 3454 subsidium
683 3389 899 3456 neeessariam
914 3396 972 3470 est,
983 3410 1083 3474 quern
1098 3388 1142 3453 ad
1156 3410 1220 3452 mo

212 3491 293 3556 dum
308 3489 351 3556 sit
363 3490 523 3556 utendum
538 3510 588 3574 eo,
599 3490 754 3574 dicemus,
765 3493 792 3557 si
804 3493 896 3578 prius
910 3491 952 3556 iis
963 3490 1005 3556 de
1019 3491 1127 3575 rebus,
1137 3512 1245 3578 quaen

213 3593 329 3658 virtuti
347 3593 515 3682 propiores
538 3601 626 3676 suut,
642 3594 831 3660 dixerimus.
875 3593 992 3680 Atque
1013 3594 1113 3659 etiam
1135 3593 1219 3658 subi·

212 3697 306 3764 eiuut
320 3719 354 3762 se
369 3696 519 3762 homines
533 3695 674 3781 imperio
691 3695 825 3762 alterius
840 3703 874 3762 et
887 3696 1044 3784 potestati
1058 3695 1102 3762 de
1115 3684 1218 3761 eeusis
