2710 4374
369 405 438 454 LlB.
456 403 510 454 111.
545 403 625 454 cAP.
644 405 686 466 32,
701 403 742 454 3³.
778 403 794 464 §
812 404 934 455 118-118.
1091 407 1154 473 167

144 553 262 638 destia,
275 554 489 637 continentia,
499 553 718 641 temperantia
732 553 929 620 continetur.
967 553 1085 622 Potest
1094 556 1154 644 igi-

146 667 202 725 tur
227 659 405 746 quicquam
428 657 510 723 utile
532 679 610 740 esse,
626 656 715 743 qnod
741 656 785 721 sit
806 655 884 723 huic
912 656 1029 722 talium
1051 659 1154 724 virtu·

144 769 220 828 turn
234 761 336 827 choro
350 761 573 826 contrariuml
608 758 717 846 Atqui
732 759 774 825 ab
789 759 964 847 Aristippo
979 760 1153 846 Cyrenaici

144 872 245 951 atque
267 863 442 930 Annicerii
463 861 652 951 philosophi
673 861 836 928 nominati
857 884 955 928 omne
973 863 1098 930 bonurn
1115 864 1151 930 in

122 967 318 1054 svoluptate
343 975 525 1053 posuerunt
546 966 772 1052 virtutemque
794 974 992 1032 censuerunt
1013 967 1057 1034 ob
1078 989 1151 1034 eam

143 1092 217 1136 rem
242 1091 312 1136 esse
337 1069 545 1152 laudandam,
572 1068 662 1156 quod
686 1067 830 1134 efficiens
851 1077 936 1135 essct
963 1069 1151 1157 voluptatis.

143 1169 278 1248 Quibus
298 1167 452 1234 obsoletis
469 1167 566 1236 floret
582 1167 756 1256 Epicurus,
767 1170 914 1236 ciusdem
932 1171 1004 1237 fere
1021 1171 1153 1239 adiutor

143 1279 324 1359 auctorque
346 1271 537 1338 sententiae.
583 1271 669 1337 Oum
694 1271 747 1337 his
768 1272 877 1338 “viris
899 1274 1089 1361 equisque,”
1112 1281 1152 1340 ut

144 1368 279 1452 dicitur,
298 1369 325 1434 si
348 1367 553 1435 honestatem
575 1369 662 1436 tueri
683 1369 885 1437 ac-'retinere
906 1375 1069 1441 sententia
1091 1383 1150 1460 eet,

103 1491 133 1532 ιο
143 1470 382 1537 decertandum
398 1479 457 1537 est.
501 1471 538 1538 N
538 1493 592 1537 am
611 1472 639 1537 si
656 1493 723 1538 nou
742 1472 841 1539 modo
858 1475 994 1558 utilitas,
1009 1477 1067 1543 sed
1082 1479 1218 1547 vitelli

143 1573 254 1639 omnis
268 1574 363 1638 beata
380 1573 525 1662 corporis
541 1569 638 1640 firma
660 1575 896 1641 constitutione
918 1577 1055 1663 eiusque
1076 1601 1150 1646 con·

143 1676 329 1742 stitutionis
346 1697 404 1763 spe
417 1676 597 1764 explorata,
612 1684 651 1742 ut
667 1697 687 1742 a
703 1676 896 1744 Metrodoro
913 1679 1071 1767 scripturn
1090 1689 1149 1766 est,

143 1779 343 1861 continetur,
366 1787 455 1845 certe
476 1779 557 1844 haec
578 1779 714 1862 utilitas,
729 1787 764 1845 et
785 1779 920 1866 quidem
942 1803 1070 1848 summa
1092 1784 1150 1868 (sic

140 1883 236 1949 enirn
251 1883 407 1970 censent),
423 1905 499 1950 cum
515 1883 685 1949 honestate
700 1883 873 1970 pugnabit.
908 1883 997 1950 Nam
1012 1887 1071 1961 ubi
1086 1887 1149 1974 pri·

101 2006 239 2051 remum
253 1986 447 2074 prudentiae
464 1986 555 2053 locus
572 1986 726 2052 dabitur?
747 2007 789 2052 au
812 1994 851 2052 ut
867 1988 1039 2075 conquirat
1057 1991 1149 2057 audi·

138 2111 210 2176 que
233 2089 433 2155 suavitatest
477 2088 585 2168 Quam
609 2085 709 2155 miser
730 2088 863 2155 virtutis
885 2091 1064 2159 famulatus
1085 2115 1148 2162 ser·

136 2191 267 2263 vientis
280 2191 462 2278 voluptati!
500 2190 598 2269 Quod
613 2199 724 2256 autem
740 2209 861 2266 munus
875 2194 1091 2280 prudentiae?
1105 2217 1147 2262 an

136 2283 254 2380 legere
271 2293 511 2380 vintellegenter
536 2292 744 2382 voluptatest
788 2293 855 2361 Fac
882 2295 966 2361 nihil
992 2298 1056 2364 isto
1077 2319 1147 2365 esse

136 2396 329 2479 iucundius,
345 2397 426 2484 quid
440 2395 580 2484 cogitari
598 2404 707 2483 potest
724 2398 875 2484 turpiusl
919 2398 1001 2482 Iam,
1016 2401 1075 2487 qui
1093 2401 1147 2467 do

100 2501 248 2566 calorem
271 2521 438 2565 summurn
456 2499 581 2564 malurn
603 2499 701 2582 dicat,
717 2499 805 2586 apud
828 2521 903 2564 eum
926 2521 1025 2586 quom
1046 2502 1147 2569 habet

136 2602 253 2668 locum
276 2593 450 2685 fortitudo,
473 2623 558 2688 quae
582 2609 631 2667 est
657 2601 809 2667 dolorum
834 2599 1049 2688 laborumque
1075 2625 1147 2668 con-

136 2703 305 2791 temptiol
349 2703 509 2783 Quamvis
526 2703 616 2772 euim
635 2701 749 2768 multis
770 2701 851 2768 locis
868 2701 957 2768 dicat
974 2702 1146 2790 Epicurus,

135 2808 240 2874 sicuti
255 2806 346 2890 dicit,
361 2807 439 2873 satis
455 2805 589 2872 fortiter
604 2805 646 2872 de
660 2805 784 2887 dolore,
800 2812 911 2871 tamen
928 2827 995 2870 non
1011 2806 1046 2871 id
1060 2827 1147 2893 spec-

135 2909 282 2976 tandum
304 2907 459 2995 est‚·quid
481 2909 578 2991 dicat,
597 2908 653 2974 sed
676 2907 757 2994 quid
775 2905 1028 2973 consentaneum
1050 2909 1094 2974 sit
1115 2910 1146 2974 ei

1 3088 2 3091 Ἴ
101 3012 262 3095 aedicere,
277 3011 336 3098 qui
358 3007 445 3077 bona
466 3011 637 3098 voluptate
658 3010 897 3094 terminaverit,
915 3010 1002 3078 mala
1023 3011 1144 3078 dolore.

136 3113 201 3196 Ut,
220 3114 248 3179 si
265 3113 361 3178 illum
379 3113 521 3196 audiam,
536 3114 579 3179 de
596 3113 800 3180 coutinentia
815 3121 849 3180 et
866 3116 1083 3201 temperantia
1100 3115 1146 3180 di·

136 3217 187 3284 cit
204 3216 261 3282 ille
278 3215 414 3303 quidem
432 3213 538 3280 multa
555 3214 670 3281 multis
687 3215 778 3300 locis,
794 3215 852 3282 sed
867 3217 952 3304 aqua
969 3215 1091 3301 haeret,
1107 3226 1145 3284 ut

137 3320 254 3402 aiunt;
276 3340 354 3384 nam
379 3319 438 3406 qui
461 3315 571 3406 potest
593 3319 848 3406 temperantiam
871 3319 1004 3386 laudare
1027 3321 1065 3404 is,
1086 3321 1144 3408 qui

137 3431 243 3511 ponat
257 3443 426 3488 summum
441 3420 591 3488 bonum
581 3441 615 3486 ιιι
634 3421 828 3509 voluptatel
849 3431 899 3488 est
917 3425 1006 3489 enirn
1024 3433 1147 3514 tempe

104 3547 131 3589 u
140 3527 247 3592 rantia
261 3519 464 3592 libidinum
452 3521 597 3607 mimica,
608 3523 764 3592 libidines
775 3531 886 3590 antem
902 3528 1180 3595 consectatrices.

138 3627 331 3716 voluptatis.
375 3626 515 3732 Atque'
505 3648 540 3691 ιιι
555 3625 608 3692 his
621 3633 732 3694 tamen
747 3627 853 3694 tribus
867 3629 1052 3714 generibus,
1068 3651 1145 3715 quc·
1156 3647 1213 3698 118

138 3727 471 3818 quomodopossunt,
480 3727 710 3796 uonincallide
721 3729 995 3815 tergiversantum
1006 3731 1145 3818 pruden
