2710 4374
253 416 296 480 94
649 411 700 461 un
722 410 876 464 ormena

252 561 414 630 maleficio
426 567 460 628 et
471 559 593 627 scelere
603 565 791 647 pascuntur,
803 561 930 648 possint
942 561 1011 628 sinc
1022 562 1094 628 ulla
1104 565 1243 650 particula

251 665 397 732 iustitiae
421 664 543 730 vivere.
590 661 680 728 Nam
706 663 766 749 qui
791 684 906 729 eornm
933 665 1088 752 cuipiam,
1115 669 1170 754 qni
1193 691 1244 735 ura

251 767 499 850 latrocinantur,
515 766 648 832 furatur
669 764 796 851 aliquid
818 773 875 831 aut
898 767 1007 854 cripit,
1027 769 1056 833 is
1079 770 1142 834 sibi
1162 791 1199 835 ne
1216 772 1243 836 in

251 871 424 938 latrocinio
436 869 572 956 quidem
586 867 747 955 relinquit
756 867 877 952 locum,
890 869 947 935 ille
958 877 1082 955 antem,
1093 873 1151 958 qui
1162 873 1244 938 archi·

252 975 359 1062 pirata
373 972 504 1054 dieitur,
521 970 585 1036 nisi
601 969 818 1057 aequabiliter
834 971 992 1058 praedam
1007 973 1187 1060 dispertiat,
1201 982 1244 1040 ant
1258 994 1267 1036 r

251 1075 469 1142 interficiatur
483 1095 503 1138 a
517 1073 614 1139 sociis
631 1081 689 1138 aut
707 1073 933 1160 relinquatnr3
956 1075 1038 1160 quin
1055 1076 1155 1141 ctiam
1172 1077 1245 1164 leges

251 1177 418 1243 latronum
429 1197 500 1242 esse
512 1175 680 1258 dicuntur,
692 1175 813 1262 quibus
824 1184 970 1262 pareant,
984 1199 1068 1263 quas
1080 1179 1244 1244 observent.

251 1278 370 1366 Itaque
384 1285 521 1366 propter
538 1277 746 1365 aequabilem
757 1278 897 1365 praedae
912 1280 1129 1366 partitionem
1144 1281 1245 1347 etBar·

252 1382 339 1449 dnlis
367 1381 502 1469 Illyrius
528 1381 622 1464 latro,
641 1381 684 1447 de
709 1401 776 1468 quo
802 1388 852 1446 est
878 1382 968 1468 apud
994 1382 1255 1470 Theopompum,

252 1505 388 1573 magnas
405 1505 484 1571 opes
506 1483 623 1550 babuit
644 1490 679 1548 et
701 1482 808 1549 multo
829 1483 970 1550 maiores
984 1483 1158 1550 Viriathus
1172 1485 1266 1550 Lusi-u

252 1595 368 1670 tarrus;
386 1587 439 1653 cui
457 1586 593 1674 quidem
616 1588 715 1652 etiarn
734 1585 899 1652 exercitus
916 1587 1019 1652 nostri
1039 1587 1244 1674 imperatores

253 1712 318 1776 que
332 1697 518 1771 cessemut3
541 1709 640 1774 quem
664 1687 702 1754 Ο.
718 1687 858 1771 Laelius,
876 1688 906 1754 ia
929 1689 988 1776 qni
1012 1690 1151 1777 Sapiens
1172 1711 1245 1755 usur·
1323 1717 1325 1738 ⁴

253 1800 361 1880 patur,
377 1799 509 1880 praetor
523 1791 626 1878 fregit
641 1797 675 1856 et
690 1791 889 1856 comminuit
903 1791 1176 1880 ferocitatemque
1189 1793 1244 1858 eiua

253 1896 300 1960 ita
315 1895 480 1982 repressit,
495 1901 534 1958 nt
552 1893 651 1959 facile
670 1892 796 1959 bellum
818 1893 954 1981 reliquis
976 1895 1131 1962 traderet.
1174 1895 1244 1961 (lum

253 1997 358 2083 igitur
375 2004 467 2062 tanta
482 1997 533 2062 vis
548 1995 693 2062 iustitiae
707 1996 760 2079 sit,
777 2003 815 2061 ut
829 2017 867 2061 ea
882 1997 982 2063 etiam
1000 1997 1165 2065 latronum
1181 2019 1267 2084 opcsu

254 2099 367 2165 firmet
384 2107 484 2186 atque
506 2107 634 2186 augeat,
652 2106 810 2186 quantam
833 2098 904 2164 eius
916 2101 991 2165 'vim
1012 2101 1104 2167 inter
1124 2101 1205 2188 leges
1219 2108 1245 2164 ct

204 2169 246 2314 ff
256 2202 379 2268 iudicia
396 2211 431 2268 et
446 2202 480 2266 in
496 2202 673 2269 constituta
688 2222 723 2267 rc
738 2201 870 2288 publica
884 2201 957 2268 fore
972 2205 1148 2290 putamusl
1174 2201 1244 2269 Mihi
1322 2201 1325 2318 Ι

254 2306 390 2393 quidem
408 2326 474 2371 non
494 2305 582 2392 apud
598 2303 715 2370 Medos
737 2303 854 2387 solum,
871 2311 908 2370 ut
926 2306 973 2370 ait
987 2305 1185 2390 Herodotus,
1200 2305 1244 2370 sed
1323 2327 1325 2448 Ι

254 2409 354 2476 etiam
380 2407 469 2496 apud
495 2408 788 2474 maiores—nostros
813 2407 957 2473 iustitiae
980 2408 1142 2476 fruendae
1166 2428 1258 2479 eausa

255 2513 411 2578 videntur
426 2511 505 2578 olim
521 2511 606 2578 bene
621 2511 740 2576 morati
755 2531 848 2597 reges
863 2511 1044 2577 constituti.
1084 2511 1171 2578 Nam
1184 2529 1268 2576 anua

254 2621 461 2704 premeretur
484 2616 581 2702 inops
604 2613 784 2679 multitudo
808 2613 849 2678 ab
873 2613 923 2696 iis,
948 2615 1006 2700 qni
1029 2615 1167 2681 maiores
1183 2632 1245 2698 opes
1324 2607 1325 2680 i

254 2717 429 2802 habebant,
441 2717 482 2784 ad
498 2738 602 2782 unum
618 2715 762 2802 aliquem
778 2715 1015 2802 confugiebant
1033 2717 1158 2783 virtute
1172 2735 1244 2802 prae

230 2861 235 2871 =
255 2829 412 2905 stantem3
425 2821 482 2908 qui
494 2842 568 2888 curn
578 2817 769 2907 prohiberet
780 2818 901 2883 iniuria
912 2819 1089 2904 tenuiores,
1099 2819 1244 2906 aequitate

256 2911 484 2990 constituenda
504 2943 650 2988 summos
672 2943 747 2987 cum
770 2920 894 2986 infimis
911 2921 983 3008 pari
1000 2921 1073 2988 iure
1091 2920 1243 2987 retinebat.

255 3023 447 3112 Eademque
477 3024 781 3091 constituendarum
808 3023 921 3110 legum
946 3023 1013 3088 fuit
1044 3045 1146 3106 carisa,
1174 3038 1267 3108 quaes

208 3143 382 3214 latagum.
427 3125 485 3192 Ius
510 3127 599 3192 enirn
627 3148 756 3214 semper
781 3134 831 3192 cst
853 3126 1038 3213 quaesitum
1069 3123 1242 3213 aequabilc;

256 3229 467 3316 nequeenim
482 3229 577 3296 aliter
592 3238 676 3296 esset
691 3231 751 3296 ius.
789 3228 831 3294 Id
847 3229 874 3294 si
890 3230 931 3296 ab
947 3251 1013 3296 uuo
1025 3231 1111 3296 iusto
1126 3236 1158 3294 ct
1172 3229 1243 3293 bono

256 3331 328 3397 viro
343 3332 635 3418 consequebantur,
651 3339 744 3398 erant
763 3353 802 3398 eo
820 3332 987 3414 contenti3
1005 3335 1081 3399 enm
1098 3332 1132 3398 id
1150 3329 1243 3395 minus

255 3435 472 3522 contingeret,
495 3434 583 3521 leges
607 3442 684 3500 sunt
712 3436 986 3521 inventae,.quae
1010 3457 1085 3500 eum
1108 3431 1243 3500 omnibns

255 3561 385 3626 semper
401 3560 465 3605 uua
480 3545 578 3624 atque
593 3537 707 3603 eadem
726 3559 806 3604 voce
823 3537 1045 3624 loquerentur.
1089 3536 1176 3622 Ergo
1190 3531 1266 3596 hoen

255 3643 390 3728 quidem
405 3641 614 3729 perspicuum
630 3648 689 3723 est,
702 3662 756 3705 eos
771 3640 813 3705 ad
828 3639 1058 3726 imperandum
1070 3638 1168 3724 deligi
1182 3632 1242 3700 soli·

256 3754 316 3830 tos,
329 3766 469 3832 quorum
485 3743 527 3809 de
538 3743 664 3808 iustitia
675 3764 794 3829 magna
806 3750 890 3808 esset
902 3742 1015 3829 opinio
1027 3736 1239 3808 multitudinis.
1324 3771 1325 3816 3
