2710 4374
191 387 253 451 166
579 381 630 433 ns
653 383 806 434 omucns
829 411 832 418 .

189 535 330 624 captivis
351 533 626 622 impetravissent,
642 534 670 599 si
691 555 760 600 non
781 533 961 616 redierunt,
976 534 1193 621 vituperandi

189 637 244 704 De
258 637 379 724 quibus
394 657 461 702 non
476 656 592 702 omnes
605 657 674 702 uno
686 635 804 717 m0d0;
819 655 896 700 nam
908 634 1081 722 Polybius,
1093 636 1195 704 bonus

190 747 305 807 auctor
318 741 353 805 in
368 739 494 827 primis,
512 759 554 804 ex
568 738 682 805 decem
699 737 921 822 nobilissimis,
937 739 997 825 qui
1015 747 1088 804 tum
1106 749 1196 806 erant

189 842 292 926 missi,
304 863 425 910 novem
438 839 610 907 revertisse
621 839 703 907 dicit
715 861 781 906 rea
795 847 913 906 senatu
923 861 991 906 non
1003 841 1196 929 impetrata3

124 1015 126 1022 ,
190 966 296 1012 unum
311 965 353 1012 ex
371 943 496 1027 decem,
514 943 573 1030 qui
590 942 691 1031 paulo
708 949 793 1030 pest,
811 963 912 1030 quem
929 951 1000 1009 erat
1017 965 1197 1032 egressuse
1215 967 1228 1007 ι

191 1046 314 1130 castris,
330 1045 476 1128 redisset,
494 1045 587 1132 quasi
609 1044 838 1132 aliquid-esset
854 1044 988 1129 oblitus,
1003 1044 1131 1113 Itomae
1151 1067 1199 1112 re

190 1147 368 1231 mansisee;
383 1147 492 1214 reditu
509 1147 600 1213 enim
618 1147 653 1212 in
671 1155 775 1214 castra
794 1147 970 1214 liberatum
988 1170 1023 1214 se
1040 1170 1113 1215 essa
1128 1151 1199 1216 iure

190 1250 331 1317 iurando
345 1250 634 1338 interpretabatur,
651 1272 716 1316 non
736 1257 844 1333 reete3
865 1251 959 1316 fraus
975 1252 1066 1317 enim
1084 1253 1200 1320 astrin-

190 1353 252 1441 git,
266 1373 335 1419 non
352 1353 503 1420 dissolvit
525 1353 718 1440 periurium.
763 1351 844 1419 Fuit
865 1353 970 1440 igitur
990 1353 1092 1420 stulta
1113 1355 1199 1420 calli-

191 1456 277 1522 ditas
304 1477 455 1544 perverse
480 1455 610 1522 imitata
637 1455 858 1543 prudentiam.
904 1455 1023 1544 Itaque
1052 1458 1234 1524 decrevitu

192 1567 333 1643 senatus,
347 1557 458 1625 utillo
474 1566 641 1625 veterator
657 1566 692 1624 et
708 1557 846 1626 callidus
864 1559 995 1626 rinctus
1011 1560 1054 1625 ad
1071 1559 1201 1625 Hanni-

126 1673 183 1730 114
194 1663 299 1729 balem
313 1661 497 1729 duceretur.
532 1661 597 1728 Sed
609 1660 694 1728 illud
704 1649 912 1727 maxumum:
929 1661 1201 1728 Oeteho'minum

192 1765 284 1832 milia
298 1765 433 1832 tenebat
450 1763 630 1848 Hannibal,
648 1785 715 1830 non
733 1787 817 1852 quos
838 1766 873 1830 in
891 1765 961 1830 acie
978 1765 1127 1852 cepisset,
1142 1774 1201 1831 ant

192 1870 250 1956 qui
262 1867 409 1956 periculo
420 1867 538 1934 mortis
548 1866 770 1955 diffugissent,
782 1867 840 1934 sed
851 1868 910 1954 qui
921 1867 1028 1934 relicti
1038 1869 1074 1933 in
1086 1869 1201 1934 castris

193 1971 333 2037 fuissent
347 1993 366 2037 a
380 1969 488 2037 Paulo
502 1977 537 2038 et
551 1993 571 2036 a
588 1969 742 2037 Varrone
757 1971 956 2037 consulibus.
989 1970 1056 2036 Eos
1069 1979 1201 2037 senatus
1210 1993 1236 2033 u

193 2093 259 2140 non
286 2073 414 2140 censuit
435 2072 654 2158 redimendos,
679 2095 755 2140 cnm
778 2073 814 2138 id
839 2095 940 2161 parva
965 2074 1104 2160 pecunia
1126 2072 1203 2139 fieri

194 2181 313 2262 posset,
335 2184 374 2241 nt
395 2183 482 2242 esset
503 2175 641 2242 insitum
664 2175 826 2242 militibus
847 2175 967 2241 nostris
988 2183 1046 2240 ant
1068 2175 1203 2241 vincere

193 2285 251 2342 aut
276 2277 391 2343 emori.
439 2277 515 2356 Qua
536 2278 671 2364 quidem
694 2299 730 2344 re
751 2277 864 2343 audita
885 2277 1030 2343 fractum
1051 2265 1202 2343 animum

193 2377 391 2446 Hannibalis
407 2381 521 2447 scribit
539 2381 639 2464 idem,
657 2379 748 2468 quud
760 2387 896 2448 senatus
913 2379 1122 2466 populusque
1136 2379 1204 2447 Ro·

195 2503 311 2550 manus
332 2484 430 2551 rebus
451 2482 580 2549 afflictis
602 2492 671 2549 tam
693 2483 821 2551 excelso
844 2483 954 2548 animo
974 2469 1100 2548 fuisset.
1146 2483 1240 2549 Sicu

194 2585 375 2655 honestatis
392 2588 637 2674 comparatione
659 2609 706 2671 ea,
725 2609 811 2682 quae
832 2585 990 2652 videntur
1010 2586 1115 2670 utilia,
1132 2587 1204 2651 vin·

129 2700 324 2758 lltcuutur.
362 2689 401 2757 0.
424 2689 554 2756 Acilius
576 2697 698 2772 autem,
721 2691 781 2775 qui
803 2689 929 2756 Graece
949 2689 1081 2776 seupsit
1102 2687 1203 2754 histo-

195 2795 288 2879 riam,
304 2793 414 2882 plures
428 2793 474 2858 ait
489 2791 601 2874 fuisse,
617 2793 676 2879 qui
690 2791 725 2856 in
741 2799 808 2858 cast
811 2813 845 2858 ra
860 2793 1071 2888 revertissent
1085 2791 1202 2858 eadem

195 2897 466 2981 frendentium
483 2894 623 2961 iurando
641 2895 818 2962 liberarent
804 2903 869 2979 tur,
887 2917 1008 2990 eosque
1026 2917 1046 2960 a
1062 2895 1202 2961 censori·

196 3000 257 3066 bus
280 2999 493 3066 omnibus'o
459 3021 493 3086 rg
496 2997 651 3065 nominiis
670 3007 812 3066 notatos.
857 2999 940 3064 Sit
895 3006 995 3064 tram
1017 2997 1116 3063 huius
1138 2997 1239 3064 luciae

195 3101 281 3166 finis.
325 3101 544 3189 Perspicuum
570 3109 620 3169 est
642 3091 732 3168 enim
755 3123 802 3184 es,
828 3123 913 3188 quae
939 3085 1058 3166 timide
1079 3101 1201 3182 animo,

196 3201 325 3285 humili,
347 3203 490 3270 demisso
511 3203 684 3290 fractoque
704 3202 797 3286 fiant,
819 3203 918 3289 quale
939 3197 1058 3269 fuisset
1077 3202 1203 3290 Reguli

196 3304 450 3402 iactum,s1aut
467 3305 509 3372 de
516 3305 675 3424 captivis,
694 3304 816 3391 quod'
806 3305 870 3424 ipsi
887 3326 972 3394 epus
989 3327 1060 3371 esse
1078 3305 1203 3371 videre

196 3397 261 3489 tur,
280 3427 347 3474 nen
365 3407 456 3494 quod
477 3429 526 3473 rer
516 3407 705 3494 publicae,
720 3409 899 3474 censuisset
916 3415 974 3472 aut
991 3407 1083 3473 domi
1101 3429 1203 3474 rema-

197 3529 275 3576 nere
287 3509 454 3594 voluisset,
466 3531 533 3576 ιιοιι
545 3531 613 3576 esse
625 3510 730 3594 utilia,
743 3512 821 3600 quia
832 3511 899 3577 sint
910 3509 1078 3598 flagitiosa,
1091 3509 1240 3645 foedare

197 3614 316 3678 turia.

131 3674 187 3821 13136
239 3635 357 3783 Rpesslal
343 3722 495 3802 l‘luam‘
516 3724 601 3800 Pffl'b
628 3736 712 3800 quae
734 3715 861 3800 decore,
885 3713 1117 3798 moderatione,
1135 3735 1203 3780 me
