2734 4362
219 363 262 430 50
610 359 663 413 na
683 358 837 414 ormena

219 513 478 600 stitutornmque
494 511 636 579 mutatio
657 520 717 580 est.
761 511 846 579 Eam
863 511 1085 580 mutationem
1103 513 1224 580 sitem.

220 636 301 704 pora
315 613 531 697 adiuvabant,
542 613 675 682 facilius
690 613 962 702 commodiusque
979 614 1156 697 faciemns3
1176 617 1225 681 sin

220 717 340 802 miuus,
352 716 475 786 sensim
491 717 556 784 erit
570 716 874 806 pedetemptimque
892 717 1054 800 iacienda,
1066 725 1105 784 ιιι
1122 717 1226 784 amiei-

220 820 293 904 tias,
304 840 389 908 quae
409 819 522 886 miuus
546 817 711 888 delectent
732 827 767 887 et
789 819 900 885 asinus
921 819 1227 908 probentur,magis

220 923 337 992 decere
356 929 491 994 censent
507 921 671 1009 sapientes
690 923 815 990 sensim
830 921 957 988 diluere
975 943 1076 1009 quam
1094 929 1253 1010 repentes

153 1041 209 1098 121
222 1025 419 1114 praecidere.
463 1025 677 1093 Commutato
696 1032 809 1092 autem
827 1047 950 1114 genere
966 1025 1055 1092 ritae
1075 1026 1168 1093 omni
1185 1047 1229 1092 ra·

221 1128 314 1196 tione
325 1127 508 1196 curandam
518 1135 577 1212 est,
585 1128 765 1196 ntidbono
776 1128 913 1196 oonsilio
922 1127 1040 1196 fecisse
1048 1129 1227 1195 videamur.

222 1229 289 1298 Sed
303 1229 461 1318 quoniam
475 1229 574 1318 paulo
591 1230 812 1300 antedictum
826 1239 876 1298 est
889 1231 1069 1300 imitandos
1083 1253 1154 1298 esse
1167 1253 1229 1296 ma·

222 1333 317 1416 iores,
327 1333 475 1420 primum
485 1332 569 1400 illud
580 1341 755 1421 exceptum
767 1336 820 1418 sit,
831 1354 873 1400 ue
884 1333 967 1400 vitia
981 1333 1048 1400 siut
1057 1333 1228 1416 imitanda,

222 1435 354 1522 deinde,
369 1435 398 1504 si
413 1443 532 1502 natura
551 1456 617 1502 uon
636 1436 734 1520 feret,
749 1443 787 1502 at
804 1435 965 1524 quaedam
985 1436 1109 1502 imitari
1132 1437 1256 1523 possita

222 1540 274 1626 (ut
299 1538 478 1628 superioris
498 1537 588 1604 filins
609 1538 774 1623 Africani,
792 1539 852 1626 qui
872 1538 962 1606 hune
984 1537 1091 1606 Paulo
1116 1547 1230 1606 natum

221 1642 403 1732 adoptavit,
414 1649 550 1730 propter
560 1640 787 1708 infirmitatem
801 1641 1001 1708 valetudinis
1014 1663 1082 1708 nou
1098 1649 1169 1708 tam
1180 1663 1231 1730 po

222 1746 289 1814 tnit
306 1745 409 1835 patris
425 1745 543 1812 similis
560 1765 639 1828 esse,
654 1765 755 1832 qnam
772 1743 829 1811 ille
845 1745 956 1812 fuerat
978 1746 1062 1833 sui);
1084 1746 1113 1810 si
1132 1746 1232 1834 igitur

222 1871 290 1916 nou
309 1848 433 1936 poterit
450 1848 521 1914 sive
541 1869 651 1914 causas
668 1848 869 1916 defensitare
888 1849 958 1916 sive
975 1847 1141 1936 populum
1162 1870 1232 1915 oon·

223 1950 370 2018 tionibus
391 1959 504 2016 tenere
525 1950 596 2016 sive
614 1949 699 2017 bella
719 1972 844 2038 gerere,
859 1950 917 2016 illa
938 1959 1050 2016 tamen
1068 1959 1261 2038 praestares

223 2051 368 2136 debebit,
378 2073 462 2140 quae
476 2060 575 2119 erunt
589 2052 624 2118 iu
639 2053 744 2140 ipsius
755 2060 926 2141 potestate,
939 2053 1111 2136 iustitiam,
1121 2052 1232 2136 fidem,

223 2153 465 2238 liberalitatem,
478 2155 684 2238 modestiam,
696 2156 960 2243 temperantiam,
971 2177 1039 2243 quo
1060 2155 1174 2220 aninus
1194 2155 1233 2220 ab

224 2279 264 2324 eo
279 2257 324 2340 id,
334 2257 424 2346 quod
435 2257 530 2341 desit,
540 2259 736 2345 requiratur.
781 2259 929 2346 Optuma
943 2268 1056 2326 autem
1070 2258 1233 2325 hereditas

225 2380 246 2426 a
265 2361 415 2448 patribus
436 2360 579 2426 traditur
601 2361 714 2428 liberis
739 2362 896 2450 omnique
919 2362 1119 2450 patrimonio
1146 2383 1233 2448 prae·

226 2462 364 2529 stantior
387 2462 493 2551 gloria
518 2463 652 2530 virtutis
673 2486 849 2552 rerumque
870 2473 1048 2552 gestarum,
1066 2464 1120 2530 cui
1141 2463 1265 2531 dede-aa

226 2566 292 2634 cori
307 2587 377 2634 esse
391 2565 484 2633 nasei
500 2567 549 2651 [et
563 2567 698 2652 vitium]
715 2567 927 2634 iudicandum
942 2575 1001 2634 est.

164 2643 212 2714 34
269 2667 314 2738 Et
331 2670 489 2757 quoniam
511 2669 618 2736 officia
639 2691 708 2736 non
729 2670 845 2736 eadam
867 2671 1052 2757 disparibus
1073 2671 1234 2737 aetatibus

159 2736 420 2840 122tribuuntur
431 2772 560 2860 aliaque
573 2772 676 2838 sunt
666 2794 836 2855 iuvenum,
846 2772 910 2838 alie
923 2773 1088 2839 seniorum
1092 2771 1235 2858 ,aliquid

227 2877 328 2942 etiam
353 2875 395 2941 de
416 2875 478 2942 heo
503 2875 717 2942 distinctione
743 2874 998 2942 dicendumt
947 2883 1007 2942 est.
1051 2873 1112 2940 Est
1133 2875 1235 2962 igitur

226 2976 427 3044 adolescent
402 2984 445 3042 trs
463 2977 603 3044 maiores
618 2985 700 3044 natu
716 2978 820 3044 vereri
838 2999 946 3064 exque
963 2977 1006 3043 iis
1017 2977 1166 3065 deligere
1183 2999 1266 3064 opas
1336 3035 1337 3039 ,

227 3079 328 3144 timos
353 3084 387 3143 et
408 3077 664 3164 probatissimos,
683 3102 825 3168 quorum
848 3081 985 3147 oonsilio
1006 3089 1107 3167 atque
1127 3087 1236 3160 aucto·

227 3179 326 3246 ritate
353 3179 498 3263 nitatur;
528 3180 675 3248 ineuntis
701 3183 790 3249 euim
820 3184 936 3250 aetatis
961 3183 1092 3250 inscitia
1120 3204 1236 3264 senum
1335 3184 1336 3190 ’

227 3281 458 3348 constituenda
479 3291 514 3350 et
535 3285 679 3372 regenda
701 3286 877 3373 prudentia
899 3294 958 3353 est.
1003 3285 1164 3352 Maxume
1184 3307 1238 3350 au·

228 3391 298 3452 tem
315 3383 396 3452 haec
413 3394 501 3454 aetas
518 3408 538 3452 a
554 3386 748 3455 libidinibus
765 3389 906 3455 arcenda
922 3395 973 3454 est
990 3388 1237 3474 exercendaque

228 3486 386 3554 inlabere
401 3489 625 3577 patientiaque
640 3496 675 3556 et
689 3492 793 3556 animi
806 3499 841 3558 et
855 3492 1060 3579 conponant
1074 3513 1190 3558 eorum
1202 3497 1266 3556 eta

228 3589 265 3657 in
282 3589 408 3672 bellicis
425 3599 460 3658 et
476 3591 511 3657 in
529 3592 683 3660 civilibus
700 3593 816 3662 officiis
834 3595 949 3683 vigeat
961 3594 1135 3665 industria.
1177 3594 1237 3658 Aa
1348 3595 1351 3746 q

229 3714 298 3780 que
312 3693 414 3762 etiam
433 3717 509 3763 cum
527 3695 674 3762 relaxare
692 3696 820 3764 animos
837 3705 871 3764 et
888 3697 967 3764 dare
984 3719 1026 3765 se
1038 3695 1235 3764 iucunditati

1334 3757 1338 3914 l

552 3922 1351 4350 ,Α
