2710 4374
212 375 255 438 93
603 367 656 420 uu
676 365 831 420 eunucus
853 412 856 419 .

213 519 254 586 P.
273 516 402 606 Sulpici
416 516 640 606 eloquentiam
655 515 818 584 accusatio
831 515 1032 600 inlustravit,
1047 537 1124 583 cum
1138 519 1212 584 sedi-

212 623 335 690 tiosum
357 627 392 688 et
414 619 568 688 inutilem
590 620 709 702 civem,
722 617 760 685 O.
779 617 987 702 Norbanum,
1002 619 1039 684 in
1061 620 1215 686 indicium

165 741 203 795 ιο
213 724 353 792 vocavit.
386 723 450 790 Sed
466 722 529 790 hoc
546 722 681 810 quidem
697 743 765 787 non
780 729 830 787 est
844 742 941 809 saepe
955 721 1148 788 iaciendum
1160 745 1216 790 nec

213 847 370 915 umquam
392 826 457 892 nisi
478 833 537 891 ant
558 825 606 892 rei
627 823 780 912 publicae
802 845 907 907 cansa,
930 833 969 890 nt
990 825 1026 908 ii,
1041 846 1127 912 qnos
1146 835 1218 891 ante

212 931 294 1014 dixi,
312 937 370 996 aut
387 927 576 1012 ulciscendi,
594 935 634 992 ιιι
655 926 722 993 duo
744 925 886 1010 Luculli,
902 935 960 993 aut
981 928 1169 1014 patrocinii,
1184 937 1245 994 nts

212 1055 273 1100 uos
287 1053 349 1120 pro
366 1031 495 1115 Siculis,
512 1051 573 1117 pro
596 1029 707 1096 Sardis
729 1029 764 1094 in
783 1029 929 1096 Albucio
950 1028 1068 1096 Iulius.
1114 1029 1156 1096 Iu
1173 1053 1221 1096 ac-

213 1134 356 1202 cusando
381 1134 481 1200 etiarn
505 1131 564 1199 M’.
583 1131 723 1219 Aquilio
747 1131 784 1198 L.
803 1131 880 1198 Fufi
905 1132 1039 1219 cognita
1061 1133 1232 1198 industria-

213 1243 273 1304 cet.
318 1234 426 1302 Semel
445 1235 550 1323 igitur
566 1244 624 1300 aut
644 1255 711 1300 non
735 1255 832 1322 saepe
853 1242 951 1300 certe.
996 1233 1058 1300 Sin
1081 1235 1156 1317 erit,
1171 1235 1221 1301 eui

213 1337 402 1406 faciendum
418 1337 461 1404 sit
475 1337 614 1424 saepius,
626 1337 673 1403 rei
686 1336 837 1424 publicae
848 1337 972 1402 tribuat
986 1335 1051 1402 luoc
1065 1339 1220 1420 muneris,

214 1442 309 1510 cuins
322 1441 474 1507 inimicos
488 1439 602 1508 ulcisci
615 1440 746 1527 saepius
757 1459 823 1505 nen
837 1447 886 1505 cst
897 1438 1250 1526 reprehendendnm31e

214 1545 332 1612 medus
347 1552 457 1610 tamen
473 1542 569 1608 adsit.
606 1541 694 1608 Duri
709 1543 797 1609 enim
814 1540 959 1608 hominis
974 1542 1027 1608 vel
1043 1544 1158 1630 potins
1168 1545 1222 1608 vix

214 1647 359 1716 hominis
374 1647 507 1712 videtur
523 1644 708 1733 pericnlum
730 1644 848 1732 capitis
870 1645 994 1710 inferre
1011 1645 1138 1712 multis.
1183 1645 1221 1711 Id

215 1773 290 1818 enm
308 1747 531 1838 periculosum
548 1747 611 1834 ipsi
630 1755 690 1830 eet,
709 1753 782 1812 tum
801 1747 902 1813 etiam
925 1747 1094 1812 sordidum
1117 1747 1161 1814 ad
1178 1747 1222 1814 fa·

214 1875 314 1934 marn,
332 1851 548 1934 committere,
569 1857 605 1914 ιιι
622 1857 788 1916 accusator
806 1850 976 1916 norninere
986 1871 995 1932 ;
1014 1851 1105 1937 quod
1123 1851 1221 1918 eonti-

214 1956 266 2042 git
280 1954 327 2020 M.
344 1953 450 2020 Bruto
467 1973 597 2018 summo
611 1973 732 2038 genere
750 1959 839 2035 nato,
857 1951 947 2022 illine
968 1951 1048 2036 filio,
1067 1954 1127 2040 qui
1144 1955 1249 2020 inrisu

168 2074 203 2128 51
216 2056 322 2124 civilis
337 2056 372 2120 in
389 2055 506 2142 primis
523 2055 648 2142 peritus
665 2054 742 2120 fuit.
789 2055 905 2141 Atque
927 2055 1026 2122 etiarn
1048 2054 1113 2122 hoc
1134 2079 1221 2143 prae·

215 2165 349 2246 ceptum
372 2157 471 2224 officii
493 2157 670 2243 diligenter
692 2157 873 2222 tenendum
891 2165 950 2240 est,
969 2180 1012 2224 ne
1033 2179 1135 2245 quem
1152 2181 1219 2225 um·
1331 2208 1332 2212 ,

216 2281 315 2350 quern
331 2260 540 2326 innocentem
555 2260 677 2326 iudicio
692 2261 808 2346 cupitis
822 2281 982 2342 arcessas3
997 2261 1031 2326 id
1047 2262 1138 2331 enim
1152 2263 1220 2328 siue

215 2363 337 2433 scelere
355 2361 427 2428 fieri
443 2361 536 2427 nullo
551 2369 647 2449 pacto
663 2370 782 2450 potest.
825 2361 916 2428 Nam
931 2363 1011 2448 qnid
1027 2371 1077 2429 est
1091 2375 1160 2430 tam
1174 2365 1220 2429 iu-

215 2466 398 2532 humanum
414 2486 512 2552 quarn
525 2464 747 2551 eloquentiam
759 2472 907 2530 enatura
918 2465 959 2530 ad
971 2465 1110 2532 salntem
1122 2466 1247 2533 homi-n

215 2591 297 2644 num
315 2568 406 2638 etad
425 2567 706 2635 conservationem
726 2568 836 2632 datam
855 2567 896 2633 ad
915 2568 1077 2635 bonorum
1095 2578 1218 2656 pestem

215 2673 461 2760 perniciemque
476 2669 689 2737 converteret
732 2667 768 2734 N
769 2691 806 2735 ee
821 2678 942 2752 tamen,
959 2677 996 2736 ιιι
1013 2670 1076 2738 hoe
1094 2671 1220 2759 fugien-

215 2774 296 2840 dum
325 2781 385 2855 est,
407 2773 489 2838 item
513 2777 562 2838 est
584 2768 773 2840 habendum
796 2768 949 2856 religioni
972 2778 1147 2837 nocentem
1169 2772 1219 2836 ali-

215 2877 356 2961 quande,
368 2875 468 2942 modo
479 2895 522 2940 ne
533 2871 697 2947 nefarium
711 2872 928 2958 impiumque,
940 2871 1135 2956 defendere3
1150 2873 1220 2940 vult
1278 2913 1281 2918 ,

215 2975 277 3042 hoc
295 2975 484 3056 annititudo,
500 2975 627 3064 patitur
643 2973 856 3056 consuetudo,
872 2973 938 3040 fert
957 2975 1056 3040 etiam
1074 2975 1248 3042 humani-u

215 3087 274 3144 tas.
319 3075 444 3142 Iudicis
459 3085 507 3142 cet
522 3097 651 3164 semper
666 3078 701 3141 in
717 3076 821 3142 carreis
835 3099 954 3162 uerum
970 3078 1073 3164 sequi,
1091 3081 1219 3165 patroni

215 3200 282 3246 non
294 3199 475 3264 nurnqnarn
492 3179 561 3243 veri
579 3179 696 3261 simile,
708 3179 837 3244 etiarnsi
853 3179 1018 3244 minuesit
1030 3202 1158 3265 veruna,
1170 3183 1220 3247 de·

215 3281 372 3359 fondere;
389 3279 478 3366 qnod
494 3281 644 3363 scribere,
656 3282 849 3368 praesertim
865 3303 941 3346 eum
957 3269 1220 3370 dephilosophia

216 3383 401 3466 scriberem,
416 3403 482 3448 non
499 3382 665 3465 eraderem,
681 3383 745 3448 nisi
762 3383 848 3449 idem
868 3383 1219 3470 placeretgravissinro

216 3487 410 3568 Stoicorum,
426 3484 594 3552 Panaetio.
622 3485 786 3552 Maxume
800 3495 911 3551 autern
927 3494 961 3551 ct
974 3485 1080 3573 gloria
1095 3489 1248 3574 pariture

215 3599 249 3657 et
263 3588 640 3677 gratiavdeiensionibns,
656 3609 762 3674 coque
777 3589 890 3670 maior,
902 3588 929 3652 si
945 3589 1077 3674 qnando
1092 3591 1218 3674 accidit,

215 3704 254 3769 ut
271 3693 302 3759 ei
317 3693 541 3774 subveniatur,
557 3691 614 3776 qui
630 3691 777 3776 potentis
794 3690 931 3756 alicuine
949 3691 1066 3776 opibus
1083 3692 1219 3759 circum·
