2710 4374
183 365 247 432 lua
458 409 462 418 .
574 363 626 416 nn
647 361 802 416 osricus

182 515 307 582 dumne
321 512 425 580 fuerit
440 511 504 581 hoc
517 534 635 602 genus,
646 512 738 602 quod
751 513 788 580 in
799 513 964 580 divisione
979 513 1117 580 Panaeti
1130 527 1189 582 ter·

182 619 268 684 tium
286 624 346 702 est,
364 638 405 683 an
423 615 522 706 plane
543 616 779 700 omittendum,
796 616 940 683 alterum
957 617 1103 683 dubitari
1124 640 1191 684 non

182 727 302 808 potest,
316 720 399 808 quin
422 741 442 787 a
464 719 625 786 Panaetio
650 728 842 808 susceptum
866 721 920 803 sit,
946 720 1006 786 sed
1028 721 1191 788 relictum.

182 823 273 891 Nam
287 825 347 911 qni
360 845 380 890 e
394 823 559 890 divisione
579 823 746 910 tripertita
766 823 850 888 duas
871 833 982 910 partes
1004 824 1193 908 absolverit,

183 926 262 994 hnic
277 947 408 994 necesse
425 934 476 992 est
493 931 615 992 restare
632 925 786 1007 tertiam3
804 933 973 1013 praeterea
990 926 1025 990 in
1044 934 1194 993 extremo
1213 949 1226 989 s

182 1028 268 1096 libro
283 1029 381 1096 tertio
395 1029 439 1095 de
452 1027 515 1096 hac
529 1036 623 1116 parte
637 1027 815 1115 pollicetur
828 1049 864 1094 se
878 1029 1036 1115 deinceps
1047 1049 1119 1095 esse
1129 1029 1197 1096 dic-

137 1142 175 1196 10
184 1138 307 1198 turum.
351 1130 494 1198 Accedit
507 1130 625 1197 eodem
639 1131 733 1196 testis
746 1129 895 1217 locuples
909 1129 1121 1212 Posidonius,
1136 1133 1197 1218 qni

183 1234 285 1301 etiam
301 1234 415 1302 scribit
431 1235 467 1302 in
489 1232 632 1320 quadam
649 1232 792 1320 epistula
809 1231 850 1298 P.
868 1232 1035 1299 Rutilium
1060 1233 1196 1300 Rufum

184 1338 293 1404 dicere
306 1336 421 1418 solere,
438 1336 497 1423 qui
515 1335 714 1402 Panaetium
736 1335 895 1419 audierat,
914 1344 953 1401 ut
969 1341 1071 1402 nemo
1087 1337 1197 1424 pictor

184 1449 270 1510 esset
290 1440 455 1522 inventus,
473 1439 532 1526 qni
552 1439 588 1503 iu
608 1437 677 1504 (loa
691 1437 826 1506 Venere
841 1461 914 1504 caru
932 1446 1074 1526 partem,
1093 1461 1229 1526 quamn

185 1542 323 1632 Apelles
347 1540 534 1608 inchoatam
558 1539 753 1628 reliquisset,
780 1541 964 1607 absolveret
994 1541 1076 1626 (oris
1105 1544 1195 1606 enim

185 1644 399 1734 pulchritudo
416 1643 537 1731 reliqui
555 1643 700 1731 corporis
717 1643 870 1709 imitandi
888 1665 980 1731 spem
998 1643 1194 1731 auferebat),

185 1751 232 1816 sic
246 1771 295 1834 ea,
309 1769 393 1836 quac
408 1745 587 1813 Panaetius
600 1747 873 1834 praetermisisset
890 1747 938 1831 [et
954 1767 1023 1812 non
1041 1748 1196 1834 perfecis-

185 1854 250 1936 set]
270 1859 548 1940 promerentem,
567 1871 652 1937 qnae
669 1849 872 1938 perfecisset,
887 1850 1124 1937 praestantiam
1141 1871 1196 1916 ne

187 1956 312 2020 minem
326 1962 546 2042 persecutum.
1201 1973 1228 2014 ns

148 2025 170 2093 3
230 2055 339 2134 Quarn
351 2057 394 2122 ob
409 2077 480 2126 rem
491 2056 533 2123 de
544 2057 667 2124 iudicio
678 2055 818 2123 Panaeti
829 2055 974 2122 dubitari
985 2077 1052 2122 non
1069 2063 1194 2143 potest;

141 2117 319 2224 llrectene
333 2167 445 2225 autem
466 2158 552 2226 hanc
575 2160 708 2226 tertiam
730 2167 858 2247 partem
882 2157 925 2224 ad
950 2159 1194 2246 exquirendum

187 2261 331 2328 officium
352 2262 541 2329 adiunxerit
562 2283 603 2328 an
627 2283 731 2346 secus,
753 2262 797 2328 de
818 2283 859 2328 eo
876 2261 1015 2328 fortasse
1032 2261 1194 2349 disputari

182 2371 305 2452 potest.
349 2362 447 2448 Nam,
475 2365 547 2431 sive
573 2364 751 2432 honestum
778 2363 886 2431 solnm
915 2365 1040 2431 bonnm
1070 2373 1131 2448 est,
1157 2371 1198 2430 nt

187 2467 307 2536 Stoicis
320 2466 436 2556 placet,
449 2468 528 2550 sive,
541 2468 631 2555 quod
646 2467 823 2534 honestum
839 2475 899 2546 est,
914 2467 950 2534 id
964 2467 1011 2533 ita
1025 2489 1191 2534 summum
1202 2491 1229 2531 su

185 2571 311 2640 honum
327 2579 387 2656 est,
403 2593 502 2658 quem
518 2572 558 2637 ad
575 2571 712 2637 modum
729 2570 959 2658 Peripateticis
974 2572 1093 2636 vestris
1110 2571 1196 2637 vide·

188 2686 252 2761 tur,
270 2683 308 2743 ut
323 2675 434 2743 omnia
451 2696 492 2740 ex
510 2673 611 2740 altera
626 2686 719 2762 parta
734 2673 891 2740 collocata
906 2673 962 2738 vix
979 2674 1112 2739 minimi
1130 2697 1196 2740 me

188 2781 292 2847 menti
309 2780 413 2846 instar
429 2777 582 2861 habeant,
598 2777 818 2844 dubitandum
841 2798 909 2842 non
932 2785 992 2860 ost,
1007 2778 1090 2864 quin
1102 2800 1195 2843 num·

188 2903 287 2968 quam
303 2882 405 2969 possit
419 2881 545 2946 utilitas
561 2903 635 2946 cum
652 2881 824 2946 honestata
835 2879 1043 2946 contendere.
1077 2879 1196 2968 Itaque

188 2984 373 3071 accepimus
388 2984 555 3050 Socratem
570 2983 731 3050 exsecrari
745 2983 880 3049 solitum
898 3004 963 3066 eos,
979 2983 1037 3069 qui
1049 2983 1192 3070 primurn
1202 3008 1228 3048 aa

189 3083 270 3150 haec
290 3093 408 3150 natura
433 3085 641 3152 cohaerentia
666 3085 824 3173 opinione
849 3084 1086 3152 distraxisscnt.
1132 3086 1195 3152 Oui

189 3186 325 3274 quidem
341 3187 388 3253 ita
410 3197 488 3254 suut
506 3189 609 3256 Stoici
631 3188 770 3272 adsensi,
788 3196 827 3254 ut
845 3196 889 3272 et,
904 3189 1064 3276 quicquid
1082 3188 1195 3254 hones

190 3297 263 3354 tum
278 3297 372 3374 esset,
390 3289 426 3356 id
443 3291 526 3358 utile
544 3313 615 3358 esse
632 3302 803 3358 censerent
820 3312 881 3357 nee
904 3291 986 3357 utile
1007 3291 1195 3378 quicquam,

143 3392 280 3481 Itquod
296 3413 365 3459 uon
382 3392 570 3460 honestum.
615 3394 743 3472 Quodsi
765 3395 794 3460 is
817 3401 902 3460 esset
924 3393 1111 3476 Panaetius,
1138 3394 1195 3482 qni

190 3495 353 3562 virtutem
365 3505 539 3586 propterca
554 3497 725 3564 colendam
741 3497 875 3576 diceret,
891 3496 980 3583 quod
998 3517 1036 3562 ea
1053 3497 1229 3564 efficieusso

189 3598 344 3666 utilitatis
361 3607 456 3686 esset,
471 3608 510 3666 ut
527 3601 561 3684 ii,
580 3599 637 3687 qni
659 3622 712 3667 rcs
735 3600 937 3689 expetendas
955 3598 1008 3666 vel
1026 3599 1196 3686 voluptate

189 3701 244 3771 vel
258 3702 441 3771 indolentia
468 3705 663 3787 metiuntur,
689 3703 806 3771 liceret
828 3703 860 3771 ei
885 3703 994 3770 dicere
1017 3701 1195 3768 utilitatem
