2710 4374
392 427 463 480 ms.
482 428 534 480 111.
569 427 649 484 car,
668 429 759 483 aare.
796 427 919 490 §aa-ea
1097 432 1162 498 159

149 598 227 648 mus
251 599 407 666 ea,·qnae
420 577 605 650 'videantur
625 592 695 646 esse
714 577 813 646 'utilia
834 593 943 666 neque
965 579 1043 664 siut,
1058 601 1161 668 quam

149 681 371 749 sintvirtutis
384 680 529 750 inimica.
576 681 629 748 Ae·
642 680 685 748 de
702 681 879 768 prudentia
896 680 1043 769 quidem,
1060 703 1161 770 quam

149 782 226 852 vult
239 783 365 850 imitari
382 783 518 866 malitia,
536 783 684 871 itemquo
706 783 749 856 de
774 783 909 868 iustitia,
927 805 1012 871 quae
1030 805 1161 873 semper

149 893 200 954 est
217 885 321 969 utilis,
335 885 541 972 disputatum
559 893 618 956 est.
661 885 824 974 Reliquae
845 894 923 952 sunt
945 886 1030 956 duaa
1050 895 1160 975 partes

127 985 341 1070 rhonestatis,
354 1009 494 1074 quarum
508 987 610 1054 altera
623 987 659 1052 in
674 989 778 1056 animi
792 987 983 1056 excellentis
997 990 1160 1077 magnitu-

149 1088 229 1154 dine
244 1097 279 1156 et
292 1089 498 1176 praestantia⁴
509 1089 664 1176 cernitur,
679 1089 782 1157 altera
796 1091 831 1158 iu
846 1091 1109 1160 conformatione
1123 1100 1159 1158 et

149 1191 310 1260 moderat'
285 1199 376 1258 trone
390 1193 613 1262 continentiae
628 1199 662 1260 et
678 1194 926 1280 temperantiae.

192 1293 288 1360 Utile
301 1295 477 1362 videbatur
493 1295 595 1378 Ulixi,
610 1302 649 1362 ut
666 1295 799 1382 quidem
818 1303 934 1384 politae
951 1297 1068 1385 tragici
1085 1263 1205 1412 pro}⁶

148 1397 307 1464 dideruut
330 1397 419 1484 (nam
447 1398 537 1485 apud
561 1397 760 1484 Homerum,
778 1407 954 1486 optumum
980 1357 1184 1484 auctorem,9

114 1498 226 1564 rotalis
240 1498 283 1565 de
299 1497 400 1567 Ulixe
417 1500 508 1566 nulla
525 1501 668 1588 suspicio
690 1503 762 1587 est),
786 1501 843 1568 sed
864 1501 1059 1568 insimulant
1080 1523 1158 1568 eum

148 1601 339 1688 tragoediae
361 1595 598 1691 simulatione
588 1604 734 1674 insaniae
751 1603 904 1670 militiam
927 1605 1159 1692 subterfugere

148 1702 303 1770 uoluisse.
347 1703 426 1771 Non
448 1705 626 1772 honestum
648 1705 832 1772 consilium.
877 1705 958 1772 “Aa
983 1705 1066 1772 utile
1094 1707 1158 1790 [,ut

148 1803 271 1892 aliquis
284 1804 423 1872 fortasse
440 1807 587 1892 dixerit]
598 1825 745 1894 regnare
762 1814 796 1874 et
817 1806 950 1876 Ithacae
968 1807 1081 1874 vivere
1099 1809 1159 1874 oti-

149 1927 206 1973 ose
224 1927 300 1973 curn
320 1909 523 1996 parentibus,
538 1930 614 1976 cum
633 1897 747 1992 uxore,
762 1925 838 1976 curu
855 1908 935 1977 filio.
979 1909 1097 1979 Ullum
1119 1918 1157 1978 tu

115 2009 251 2076 audeone
265 2009 301 2074 in
316 2011 489 2077 cotidianis
503 2011 670 2078 laboribus
688 2019 722 2077 et
736 2011 889 2100 periculis
903 2034 979 2080 cum
995 2013 1056 2080 hac
1071 2021 1157 2080 tran·

149 2111 316 2199 quillitate
330 2112 570 2180 conferendum
586 2121 682 2202 putas
693 2113 726 2180 t”
769 2113 843 2202 Ego
861 2137 939 2182 vero
961 2115 1058 2182 istam
1080 2137 1157 2183 con-

149 2215 364 2282 temnendam
379 2224 414 2282 et
427 2216 643 2300 abiciendam,
655 2216 823 2304 quoniam,
839 2238 923 2305 quae
937 2217 1074 2286 honesta
1088 2240 1155 2287 nou

149 2317 205 2402 sit,
220 2339 264 2384 ne
281 2318 398 2386 utilem
415 2319 553 2406 quidem
569 2339 639 2385 esse
656 2319 806 2386 arbitror.
851 2319 942 2399 Quid
960 2322 1051 2387 enim
1068 2322 1205 2388 audi-98

149 2427 264 2489 turum
278 2429 376 2508 putas
388 2421 494 2488 inisse
504 2421 652 2504 Ulixem,
664 2422 692 2488 si
706 2423 741 2487 iu
756 2422 814 2488 illa
828 2422 1037 2495 simulatione
1052 2446 1157 2511 perse-

114 2523 350 2590 raveravissett
372 2524 430 2612 qui
456 2545 533 2590 curn
559 2525 720 2592 maximas
748 2546 800 2592 res
827 2527 964 2612 gesserit
991 2526 1027 2592 in
1056 2525 1155 2610 bello,

148 2633 260 2694 tamen
275 2624 481 2698 haecaudiat
491 2627 537 2701 ab
551 2627 674 2694 Aiace:
921 2643 922 2647 ’

329 2771 414 2828 (iuius
425 2773 487 2844 ipse
497 2771 631 2844 princeps
640 2770 711 2827 iuris
721 2772 837 2827 iurandi
847 2773 910 2842 fuit,

328 2860 411 2929 Quod
423 2862 520 2916 omnes
532 2861 618 2932 scitis,
631 2861 707 2916 solus
718 2861 847 2932 neglexit
857 2861 958 2930 fidem3

325 2949 428 3002 Furere
440 2948 611 3018 assimulare,
626 2951 662 3004 nt
673 2947 770 3019 coiret,
782 2947 896 3007 institit.
927 3023 929 3027 ,

111 3054 141 3098 ας
329 3035 445 3103 Quodni
455 3035 602 3092 Palamedi
614 3035 762 3108 perspicax
774 3035 927 3107 prudentia

325 3123 411 3177 Istius
424 3127 571 3196 percepset
584 3123 754 3180 malitiosam
766 3123 924 3195 audaciam,

267 3273 268 3276 Ἴ
325 3209 397 3267 siue
408 3215 530 3266 sacratae
541 3210 587 3266 ius
598 3215 735 3283 perpetuo
746 3205 864 3268 tltlleret

146 3341 204 3408 Illi
225 3363 308 3407 vero
327 3357 394 3413 nou
417 3343 517 3410 modo
539 3364 616 3408 cum
633 3341 793 3428 hostibus,
817 3364 933 3410 rerum
956 3345 1056 3414 etiam
1079 3369 1153 3416 cum
1164 3359 1202 3414 99

145 3442 313 3527 fluctibus,
338 3443 376 3510 id
400 3444 490 3530 quod
518 3443 609 3528 fecit,
635 3445 792 3512 dimicare
819 3446 939 3514 melius
964 3447 1032 3514 init
1055 3471 1177 3536 quam·

112 3546 297 3612 rodeserere
319 3546 580 3616 consentientem
603 3545 775 3615 Graeciam
797 3547 839 3614 ad
861 3549 986 3621 bellum
1009 3551 1160 3621 barbaris.

143 3646 372 3720 inferendum
410 3648 477 3716 Sed
491 3649 683 3718 omittamus
697 3658 732 3718 et
746 3650 875 3719 fabulas
890 3659 924 3719 et
938 3661 1095 3738 externa;
1112 3656 1155 3721 ad

144 3772 217 3818 rem
232 3751 772 3840 factamnostramqusveniamus.
805 3753 852 3820 M.
865 3754 993 3822 Atilius
1003 3757 1155 3842 Regulus
