2734 4362
420 373 491 424 nm.
510 373 534 425 1.
568 371 654 426 can·
667 371 773 426 rana·
792 373 808 438 a
825 373 915 425 11-11.
1130 373 1171 439 31

162 523 243 610 igne
260 523 374 610 ignem
390 523 515 612 capere,
527 523 555 589 si
573 524 632 610 qui
648 522 737 606 velit,
749 523 921 590 consilium
937 521 1035 590 fidele
1052 523 1172 590 delibo

155 627 252 692 ‘ranti
270 627 359 710 dare,
369 648 454 714 quae
467 634 546 694 suut
561 626 601 692 iis
615 626 719 708 utilia,
732 627 789 713 qui
807 627 982 715 accipiunt,
992 627 1085 692 danti
1104 649 1171 692 non

164 729 311 796 molesta.
357 729 467 807 Quare
484 737 519 795 et
534 729 584 794 his
602 729 762 794 utendum
781 737 830 795 est
846 738 881 795 et
899 751 1030 817 semper
1046 730 1171 816 aliquid

164 833 208 898 ad
229 853 439 898 communem
462 831 640 897 utilitatem
666 829 883 898 afferendum.
927 832 994 898 Sed
1015 833 1171 920 quoniam

137 960 155 1000 -s
164 935 278 1021 copiae
300 955 419 1021 parvae
440 933 646 1020 singulorum
668 940 755 1017 sunt,
771 955 884 1000 corum
908 942 1029 1018 autern,
1045 935 1103 1022 qui
1120 933 1172 1000 his

164 1044 294 1123 egeant,
308 1036 440 1102 infinita
459 1044 508 1101 est
526 1035 715 1119 multitudo,
729 1035 874 1124 vulgaris
893 1036 1070 1104 liberalitas
1089 1037 1172 1102 refe-

164 1139 267 1204 renda
292 1147 341 1204 est
366 1139 407 1204 ad
429 1137 524 1203 illum
546 1137 636 1204 Enni
656 1136 777 1204 finem:
805 1137 951 1206 “Nihilo
978 1140 1087 1204 minus
1108 1139 1172 1226 ipsi

163 1240 292 1324 lucet,’'.
302 1249 338 1306 ut
352 1241 492 1308 facultas
506 1241 559 1324 sit,
571 1261 636 1328 qua
650 1241 689 1305 in¹
700 1248 828 1320 nostros
842 1242 944 1308 simus
959 1239 1118 1310 liberales.
1130 1261 1133 1268 ·
1175 1295 1219 1368 Π

169 1402 172 1408 .
209 1343 340 1410 Gradus
360 1352 469 1410 autem
487 1344 599 1431 plures
618 1350 697 1408 sunt
714 1343 878 1410 societatis
895 1344 1078 1411 hominum.
1122 1345 1171 1412 Ut
1181 1392 1219 1444 53

129 1470 156 1513 10
165 1446 256 1512 enim
280 1447 321 1512 ab
343 1446 400 1512 illa
420 1445 552 1512 infinita
578 1446 773 1529 discedatur,
789 1447 925 1533 propior
949 1455 999 1513 est
1024 1447 1171 1514 eiusdem

164 1550 458 1636 gentianationis,
480 1550 623 1637 linguae,
646 1570 712 1636 qua
740 1549 894 1614 maxume
919 1549 1069 1625 homines
1096 1571 1173 1616 con-

164 1653 369 1740 iunguntur3
386 1652 654 1718 interlucetiam
677 1658 734 1718 est
750 1650 897 1717 eiusdem
918 1671 987 1718 esse
1011 1651 1172 1736 civitatis3

166 1755 272 1820 multa
297 1755 388 1820 enirn
410 1761 496 1820 sunt
512 1755 640 1821 civibus
665 1754 753 1820 inter
773 1775 808 1818 se
833 1754 1031 1838 communia,
1049 1755 1172 1840 forum,

166 1857 254 1940 fana,
273 1857 429 1943 porticus,
447 1857 530 1940 viae,
549 1855 647 1944 leges,
665 1857 747 1938 iura,
766 1854 898 1939 iudicia,
916 1855 1081 1943 suffragia,
1099 1879 1173 1924 con·

129 1961 356 2028 assuetudines
381 1965 549 2047 praeterea
574 1958 871 2025 et-familiaritates
892 1958 1072 2047 multisque
1089 1979 1171 2026 'eum
1218 1997 1220 2002 ·

166 2063 281 2144 multis
302 2085 354 2129 res
375 2063 583 2149 rationesque
605 2069 800 2128 contractae.
844 2062 962 2129 Artior
984 2085 1061 2130 vero
1083 2063 1171 2130 colli-

165 2167 256 2254 gatio
284 2175 334 2232 est
359 2165 523 2232 societatis
539 2166 829 2253 propinquorum
858 2167 899 2233 ab
924 2167 981 2232 illa
1009 2168 1097 2234 enirn
1123 2169 1172 2232 in·

166 2291 280 2338 mensa
294 2268 448 2354 societate
464 2267 600 2334 humani
614 2269 744 2356 generis
758 2269 792 2333 in
809 2269 966 2356 exiguum
982 2280 1172 2358 angustum-

167 2387 231 2452 que
252 2364 468 2432 concluditur.
513 2363 602 2430 Nam
622 2365 760 2432 cumsit
778 2364 840 2432 lroc
861 2375 976 2432 natura
996 2377 1219 2433 commaneat

130 2467 396 2560 coanimantium,
415 2474 453 2531 ut
475 2465 616 2532 habeant
638 2467 822 2556 lubidinem
844 2469 1047 2555 procreandi,
1065 2471 1173 2556 prima

166 2571 302 2639 societas
318 2571 441 2657 inipso
458 2570 612 2656 coniugio
630 2571 853 2658 est‚.proxima
869 2572 903 2636 in
919 2572 1039 2654 liberis,
1052 2572 1172 2638 deinde

167 2672 714 2758 unadomus‚com1n11niaomnia3
737 2673 771 2738 id
786 2681 897 2738 antem
912 2681 962 2739 est
972 2673 1173 2760 principium

41 2839 45 2844 .
137 2765 258 2848 ‘urbis
270 2783 303 2842 et
314 2775 406 2863 quasi
417 2775 630 2843 seminarium
643 2775 691 2840 rei
702 2775 863 2862 publicae.
908 2775 1100 2861 Sequuntur
1110 2775 1174 2840 fra·

168 2887 258 2948 trum
283 2878 540 2962 coniunctiones,
558 2885 633 2965 post
658 2877 930 2943 consobrinorum
955 2877 1174 2945 sobrinarum-

131 2982 316 3070 aaque,qui
335 3003 495 3048 eumuna
513 2981 612 3048 domo
630 2979 872 3068 iamcapi'non
891 2981 1027 3069 possint,
1042 2982 1078 3047 in
1096 2981 1174 3048 aliae

167 3073 283 3153 domos
297 3093 465 3171 tamquam
483 3085 517 3150 in
534 3083 676 3151 colonias
694 3091 827 3150 exeunt.
871 3084 1063 3172 Sequuntur
1078 3108 1175 3153 conu-

166 3189 222 3255 bia
247 3195 281 3254 et
303 3185 499 3271 adfinitates,
519 3210 559 3254 ex
581 3187 701 3275 quibus
723 3187 822 3255 etiarn
844 3187 955 3275 plures
976 3189 1174 3276 propinqui;

167 3313 251 3379 quae
262 3291 456 3379 propagatio
471 3299 505 3356 et
520 3290 649 3358 suboles
664 3290 757 3380 origo
772 3299 821 3357 est
836 3293 1174 3379 rerumpublicarum.

167 3395 346 3482 Sanguinis
374 3401 485 3460 autem
511 3393 699 3460 coniunctio
725 3401 759 3460 et
782 3394 1004 3462 benivolentia
1029 3395 1175 3462 devincit

132 3483 324 3582 aahomincs
341 3505 371 3564 et
388 3497 540 3580 caritate,
563 3517 722 3584 magnum
743 3505 796 3563 est
811 3499 900 3564 enirn
923 3499 1037 3564 eadem
1056 3497 1222 3564 habetata

167 3608 385 3677 monumenta
396 3601 568 3685 maiorum,
579 3601 702 3667 eisdem
719 3601 768 3666 uti
779 3602 886 3685 sacris,
896 3601 1045 3689 sepulcra
1056 3601 1175 3668 habere

167 3705 366 3794 communia.
412 3704 477 3772 Sed
489 3704 639 3772 omnium
654 3703 846 3770 societatum
859 3704 950 3769 nulla
960 3703 1176 3790 praestantior
