2710 4374
202 401 265 467 106
591 396 642 448 nu
665 395 818 448 oeneus

201 549 567 632 animadvertentem
584 547 699 615 iuvere
716 547 797 614 alios
813 546 929 632 velint,
945 570 988 614 ne
1005 570 1089 636 quos
1110 548 1205 616 offen-

201 655 290 720 dunt.
335 653 441 740 Saepe
462 651 551 718 enim
573 660 632 717 eut
652 673 708 718 eos
729 651 875 734 laedunt,
891 673 975 739 quos
991 673 1060 718 non
1078 653 1204 738 debent,

200 765 258 824 eut
272 777 337 841 eos,
349 777 433 844 quos
447 777 514 822 non
530 754 679 842 expedit3
697 755 724 820 si
742 755 969 841 inprudentes,
982 755 1206 843 neglegentiae

201 868 261 944 eet,
276 861 304 928 si
321 861 468 942 seientes,
488 858 689 924 temeritatis
736 857 909 924 Utendum
928 859 1030 923 etiam
1048 870 1100 924 est
1118 881 1206 925 excu-

200 964 326 1030 satione
340 963 496 1029 adversus
510 982 576 1045 eos,
591 981 674 1049 quos
688 961 814 1026 invitus
828 959 986 1043 offendas,
999 983 1207 1048 quecumque
1224 987 1235 1027 ε

200 1067 314 1156 possis,
329 1087 430 1154 quare
446 1065 491 1148 id,
507 1065 597 1154 quod
614 1064 742 1148 feceris,
762 1085 892 1131 necesse
910 1063 1014 1130 fuerit
1032 1086 1096 1131 nec
1117 1065 1208 1130 aliter

200 1170 309 1237 fucere
325 1168 480 1258 potueris,
493 1167 675 1255 ceterisque
690 1169 799 1255 operis
813 1176 848 1234 et
862 1167 977 1235 offleiis
989 1167 1055 1234 erit
1066 1168 1113 1251 id,
1123 1169 1208 1255 quod

152 1271 362 1398 ²⁰violatum
379 1271 557 1353 videbitur,
573 1271 862 1358 compensandum.

153 1420 191 1476 ,39
246 1374 312 1441 Sed
329 1395 404 1440 cum
423 1373 457 1438 in
476 1371 667 1438 hominibus
688 1371 843 1438 iuvandis
864 1383 922 1438 cut
944 1395 1052 1440 mores
1070 1373 1208 1462 spectari

200 1485 259 1544 aut
281 1477 416 1544 fortuna
438 1474 550 1559 soleat,
573 1475 666 1542 dietu
688 1475 823 1562 quidem
845 1485 895 1541 est
916 1476 1074 1562 proclive,
1098 1478 1207 1564 itaque
1215 1499 1237 1539 n

201 1580 300 1669 volgo
328 1579 519 1665 loquuntur,
549 1599 583 1644 se
612 1579 647 1642 in
677 1577 845 1646 beneficiis
877 1578 1073 1646 collocandis
1103 1601 1208 1647 mores

200 1683 385 1763 hominum,
407 1703 474 1746 non
496 1680 667 1747 fortunam
689 1682 792 1768 sequi.
838 1680 988 1747 Honesta
1015 1685 1122 1750 oratio
1143 1693 1206 1767 est3

201 1787 258 1854 sed
276 1787 349 1874 quis
367 1792 417 1851 est
438 1782 582 1866 taudem,
601 1782 660 1870 qui
681 1782 791 1870 inopis
812 1791 846 1850 et
868 1785 987 1871 optimi
1009 1784 1075 1848 viri
1098 1807 1208 1852 causac

201 1911 266 1955 non
283 1894 462 1976 anteponat
476 1886 511 1950 in
530 1907 630 1973 opera
648 1885 756 1952 danda
772 1887 913 1973 gratiam
928 1886 1092 1953 fortunati
1108 1895 1142 1954 et
1156 1910 1209 1974 po

201 1991 322 2057 tentisl
344 2011 363 2055 a
384 2011 451 2078 quo
469 1989 558 2055 enim
577 1989 764 2076 expeditior
778 1998 813 2055 et
830 1989 968 2056 celerior
985 1991 1207 2056 remuneratio
1215 2013 1238 2053 ιε

200 2093 274 2160 fone
287 2092 429 2174 videtur,
445 2091 480 2156 in
499 2113 575 2157 eum
596 2089 668 2157 fere
690 2099 741 2157 est
762 2091 916 2158 voluntas
937 2101 1049 2157 nosti-a
1071 2113 1209 2180 propen-

200 2195 275 2261 sior.
320 2193 387 2260 Sed
404 2194 736 2260 animadvertendum
757 2201 808 2260 est
830 2194 1033 2281 diligentius,
1049 2215 1135 2280 quee
1157 2215 1208 2258 na·

201 2307 276 2364 tura
290 2318 399 2362 rerum
415 2297 466 2362 sit.
511 2295 682 2362 Nimirum
699 2297 788 2362 enim
804 2297 899 2384 inops
914 2297 980 2380 ille,
995 2298 1024 2362 si
1039 2298 1146 2363 bonus
1161 2308 1208 2362 est

201 2400 262 2480 vir,
286 2399 415 2466 etiamsi
437 2399 561 2466 referre
582 2400 723 2486 gratiam
745 2421 811 2466 non
835 2408 954 2487 potest,
977 2398 1100 2466 habere
1121 2410 1207 2466 certe

199 2510 319 2592 potest.
354 2502 536 2570 Commode
551 2511 672 2585 autem,
685 2503 885 2590 quicumque
896 2503 992 2587 dixit,
1005 2506 1025 2541 ‘⁶
1035 2505 1237 2590 pecuniamne

199 2608 258 2696 qui
273 2607 401 2690 habeat,
417 2629 482 2673 non
503 2606 692 2688 reddidisse,
710 2606 769 2692 qui
786 2605 978 2688 reddiderit,
993 2628 1061 2672 nou
1077 2607 1205 2690 habene,

199 2713 338 2800 gratiam
354 2719 465 2777 entem
481 2719 524 2793 et,
539 2710 599 2795 qni
617 2709 792 2792 rettulerit,
807 2708 928 2776 hebere
945 2718 989 2791 et,
1004 2709 1064 2796 qui
1080 2709 1204 2792 habeat,

199 2812 395 2882 rettulisse.”
438 2815 488 2878 At
519 2811 577 2898 qui
608 2833 643 2877 se
674 2810 864 2899 locupletes,
887 2812 1073 2896 honoratos,
1098 2814 1205 2880 beatos

198 2917 375 3003 potentii
398 2937 440 2982 ne
461 2915 601 3002 obligari
624 2914 759 3002 quidem
782 2914 942 2982 beneficio
965 2915 1103 2999 volunt3
1126 2917 1203 3002 quin

198 3019 297 3084 etiem
310 3017 505 3084 beneficium
517 3039 551 3084 se
563 3018 691 3084 dedisse
702 3018 912 3101 arbitrentur,
925 3039 1000 3085 eum
1016 3019 1081 3106 ipsi
1096 3038 1235 3107 quam-u

198 3119 248 3184 vis
270 3141 426 3205 magnum
450 3121 584 3207 aliquod
606 3121 800 3208 acceperint,
823 3130 922 3208 atquc
944 3122 1043 3187 etiam
1061 3145 1081 3188 a
1098 3145 1134 3188 se
1150 3131 1203 3186 aut

197 3221 355 3308 postulari
373 3229 430 3287 aut
447 3223 629 3310 exspectari
647 3221 772 3310 aliquid
789 3225 1006 3310 suspicantur,
1022 3224 1203 3311 patrocinio

195 3345 275 3389 vero
290 3345 324 3390 se
339 3345 414 3390 usos
428 3333 486 3391 aut
501 3325 636 3392 clientes
651 3326 809 3413 appellari
828 3327 944 3392 mortis
958 3327 1062 3392 instar
1075 3334 1199 3414 putent

149 3435 186 3496 70
197 3426 247 3492 At
263 3447 339 3492 vero
354 3427 410 3493 ille
426 3429 544 3511 tennis,
557 3451 642 3511 cum,
655 3429 813 3515 quicquid
829 3427 953 3494 factum
969 3430 1021 3511 sit,
1035 3451 1069 3494 se
1084 3436 1203 3516 speeta-

195 3537 279 3612 tum,
295 3550 360 3594 non
379 3530 548 3596 fortunam
568 3538 673 3617 putet,
691 3552 757 3596 uon
777 3530 877 3596 modo
892 3531 951 3614 illi,
968 3532 1026 3617 qui
1044 3540 1095 3596 est
1113 3531 1230 3596 meri-so

195 3640 259 3715 tus,
274 3632 331 3698 sed
346 3634 446 3698 etiam
460 3633 535 3715 illis,
552 3633 705 3718 equibus
724 3641 891 3720 exspectat
906 3633 995 3721 (eget
1012 3635 1104 3699 onim
1124 3633 1202 3698 mul·

196 3735 262 3821 tis),
280 3743 413 3821 gratum
435 3756 470 3800 se
488 3735 595 3799 videri
618 3733 728 3798 studet
751 3755 858 3821 neque
880 3756 959 3800 vero
977 3735 1087 3802 verbis
1106 3742 1201 3822 auget
