2710 4374
67 453 75 469 .
380 383 506 436 111111.
542 383 621 436 car.
641 387 665 449 a,
681 387 705 438 a.
742 383 864 446 §acea
1079 386 1121 450 91

75 472 85 507 l

94 534 261 618 maxime,
278 534 426 601 secundo
449 541 561 601 autem
578 535 651 602 loco
669 535 841 602 voluntate
863 533 1011 602 benefica
1032 534 1122 602 beni-

95 638 251 704 volentia
274 645 443 722 movetur,
456 639 585 704 etiamsi
606 661 658 705 res
679 639 768 706 forte
790 660 857 705 nou
880 639 1047 726 suppetit3
1069 658 1122 703 ve

94 739 282 806 hementer
307 749 418 807 autem
442 763 535 808 amor
557 741 780 807 multitudinis
802 749 1030 808 commovetur
1051 741 1122 828 ipsa

96 845 190 909 fama
218 852 255 908 et
284 846 445 931 opinione
470 845 685 940 liberalitatis,
704 845 947 926 beneficentiae,
966 845 1121 926 iustitiae,

73 945 178 1010 nfidei
202 947 431 1034 omniumque
457 968 569 1012 earum
591 948 766 1030 virtutum,
785 969 869 1034 quae
890 946 1059 1034 pertinent
1080 945 1123 1010 ad

97 1035 410 1115 mansuetudinem
424 1071 554 1116 morum
577 1072 614 1116 ac
632 1049 835 1116 facilitatem.
880 1048 1015 1115 Etenim
1037 1047 1123 1114 illud

96 1150 222 1236 ipsum,
239 1151 338 1237 quod
357 1152 531 1217 honestum
553 1152 776 1238 decorumque
798 1152 948 1236 dicimus,
964 1151 1042 1238 quia
1063 1171 1123 1237 per

100 1274 135 1318 se
149 1255 250 1318 nobis
263 1255 378 1340 placet
392 1255 584 1341 animosque
600 1255 747 1319 omnium
761 1262 877 1319 natura
892 1261 926 1318 et
940 1253 1049 1340 speeie
1064 1273 1135 1318 sua.

100 1343 298 1422 commovet
316 1344 527 1443 maximeque
546 1357 638 1443 quasi
653 1357 802 1443 perlucet
820 1378 862 1422 ex
877 1355 926 1438 iis,
939 1377 1019 1442 quas
1037 1376 1123 1421 eom-

69 1458 302 1542 rememoravi,
314 1459 504 1542 virtutibus,
514 1459 636 1525 idcirco
648 1458 732 1541 illos,
742 1459 777 1521 in
787 1458 907 1543 quibus
918 1477 972 1522 eas
983 1457 1123 1521 virtutes

102 1579 171 1624 esse
186 1581 318 1642 remur,
332 1581 351 1624 a
366 1568 483 1624 natura
495 1561 565 1647 ipsa
579 1560 719 1646 diligere
734 1560 892 1652 cogimur.
937 1558 1052 1644 Atque
1063 1557 1123 1622 hae

104 1661 241 1746 quidem
274 1683 394 1728 causae
418 1662 578 1748 diligendi
607 1661 840 1748 gravissimae3
870 1669 1008 1747 possunt
1034 1646 1124 1724 enim

104 1771 279 1848 praeterea
308 1765 510 1830 nonnullae
537 1787 605 1830 esse
632 1765 781 1830 leviores.
827 1763 925 1828 Fides
950 1770 1060 1828 autern
1086 1769 1172 1832 ut33

108 1865 281 1950 habeatur,
299 1868 429 1933 duabus
451 1869 548 1933 rebus
570 1866 654 1933 ellici
677 1874 795 1954 potest,
813 1867 840 1930 si
863 1866 1125 1932 existimabimur

77 1968 220 2055 readepti
239 1971 456 2036 coniunctam
479 1993 555 2036 omn
573 1971 697 2035 iustitia
715 1970 935 2056 prudentiam.
979 1967 1069 2035 Nam
1090 1977 1125 2034 et

98 2069 149 2136 'iis
159 2071 262 2138 fidem
280 2074 453 2157 habemus,
463 2095 545 2160 quos
558 2073 631 2160 plus
646 2072 838 2160 intellegere
853 2094 952 2160 quam
968 2093 1028 2138 noe
1042 2073 1124 2138 arbi·

111 2179 237 2240 tramur
255 2198 409 2263 quosque
427 2184 462 2242 et
476 2176 591 2241 futura
609 2176 794 2263 prospicere
812 2176 975 2242 credimus
992 2182 1036 2258 et,
1049 2197 1124 2241 cum

110 2295 160 2340 res
174 2287 295 2364 agatur
311 2280 346 2344 in
359 2279 604 2366 discrimenque
617 2285 752 2345 rentum
769 2279 821 2362 eit,
834 2279 990 2366 expedire
1005 2299 1074 2343 rem
1091 2289 1125 2342 et

113 2381 286 2447 eonsilium
306 2405 347 2448 ex
364 2389 513 2469 tompore
531 2403 648 2468 capere
663 2403 778 2469 poese3
800 2381 885 2447 hano
903 2381 993 2448 euim
1008 2379 1124 2446 utilem

83 2477 260 2550 chomines
278 2485 474 2550 existimant
488 2506 667 2572 veramque
685 2485 907 2572 prudentiam.
951 2483 1053 2549 Iustis
1071 2504 1124 2547 au-

116 2587 178 2646 tem
196 2586 245 2669 [et
259 2587 353 2672 fidis]
370 2587 569 2669 hominibus,
581 2587 616 2652 id
632 2594 682 2652 est
696 2587 792 2653 bonis
808 2586 897 2667 viris,
909 2585 957 2649 ita
971 2584 1054 2649 fides
1069 2583 1125 2648 ha-

116 2682 217 2770 betur,
232 2697 272 2754 ut
296 2689 389 2754 nulla
412 2689 512 2754 sitin
534 2689 576 2754 iis
593 2687 723 2753 fraudis
744 2687 950 2772 iniuriaeque
972 2685 1124 2771 suspicio.

117 2781 230 2874 Itaque
251 2793 307 2858 his
332 2791 472 2857 salutem
495 2798 651 2872 nostram,
670 2789 723 2855 his
748 2789 910 2873 fortunas,
928 2787 980 2853 his
1005 2787 1125 2852 liberos

117 2891 294 2960 rectissime
321 2894 484 2960 committi
510 2895 718 2960 arbitramur.
763 2890 892 2956 Harum
920 2889 1024 2977 igitur
1049 2888 1172 2962 dua-34

90 3003 187 3055 2trum
212 2996 253 3061 ad
276 2995 378 3062 fidem
404 2997 592 3062 faciendam
618 2994 744 3060 iustitia
765 2993 841 3080 plus
866 2991 980 3080 pollet,
999 2991 1124 3080 quippe

120 3109 249 3162 cumea
275 3099 347 3164 sine
370 3098 548 3185 prudentia
574 3097 652 3188 satis
674 3095 793 3162 habeat
819 3095 1030 3178 auctoritatis,
1049 3117 1124 3182 pru-

122 3189 227 3262 dentia
254 3201 327 3266 sine
355 3201 481 3266 iustitia
510 3199 596 3264 nihil
620 3199 706 3265 valet
736 3199 777 3265 ad
799 3198 985 3265 faciendam
1011 3197 1122 3264 fidem.

122 3289 192 3368 Quo
213 3303 302 3367 euim
325 3303 399 3389 quis
421 3303 586 3368 versutior
611 3309 645 3367 et
668 3301 826 3385 callidior,
844 3301 907 3368 hoo
929 3300 1067 3366 invisior
1089 3312 1123 3366 et

124 3405 296 3484 suspeetior
312 3405 458 3472 detracta
473 3405 629 3492 opinione
640 3405 824 3492 probitatis.
870 3403 979 3482 Quam
994 3403 1037 3469 ob
1052 3425 1122 3468 rem

94 3509 117 3551 u
125 3493 361 3592 intellegentiae
372 3508 498 3575 iustitia
510 3509 694 3592 coniuncta,
704 3514 866 3594 quantum
879 3506 978 3588 volet,
988 3505 1123 3571 habebit

126 3598 163 3663 ad
186 3603 367 3675 faciendam
395 3609 497 3676 fidem
523 3610 665 3692 virium3
695 3609 821 3674 iustitia
850 3609 920 3674 sino
946 3607 1123 3695 prudentia

126 3703 258 3778 multum
273 3713 405 3802 poterit,
418 3713 489 3780 sine
503 3713 630 3780 iustitia
644 3711 729 3778 nihil
746 3711 867 3779 valebit
882 3709 1068 3798 prudentia.
