2710 4374
216 355 279 418 104
470 403 473 410 a
607 352 658 410 DE
679 352 832 410 omens

215 525 299 570 mus.
336 503 434 571 Hanc
448 524 527 590 ergo
542 503 815 576 consuetudinem
825 503 1041 592 benignitatis
1055 503 1214 592 largitioni

215 628 390 674 munerum
405 607 505 694 longe
519 616 704 694 antepon03
722 606 802 673 haec
819 614 869 672 est
882 607 1036 693 gravium
1051 605 1215 676 hominum

215 717 315 796 atque
336 731 543 797 magnorum,
559 709 617 774 illa
633 709 726 796 qnasi
743 709 991 782 adsentatorum
1009 709 1126 794 populi
1142 710 1217 774 mul-

168 813 368 878 satiandum
385 813 556 880 levitatem
574 810 745 898 voluptate
762 811 856 898 qnasi
874 809 1095 876 titillantium.
1140 811 1217 878 Con-

217 915 328 980 veniet
350 921 560 980 autemeam
582 913 617 978 in
635 912 746 978 dando
772 911 968 978 munificum
991 933 1073 995 esse,
1089 921 1162 978 tum
1185 916 1235 978 ins

215 1016 379 1102 exigendo
400 1037 468 1082 nou
496 1016 651 1082 acerbum
677 1015 713 1080 iu
744 1016 902 1102 omnique
928 1037 964 1080 re
989 1015 1217 1101 contrahenda,

216 1119 395 1184 vendundo
416 1118 567 1200 emendo,
590 1117 807 1184 conducendo
828 1117 979 1199 locando,
1000 1119 1219 1186 vicinitatibus

215 1230 250 1286 et
263 1219 425 1303 confiniis,
441 1241 593 1306 aequum,
608 1219 753 1302 facilem,
768 1219 874 1284 multa
888 1219 1003 1284 multis
1018 1221 1061 1286 de
1079 1242 1139 1287 suo
1153 1223 1219 1287 iure

216 1323 397 1406 cedentem,
411 1345 431 1388 a
447 1322 562 1390 litibus
583 1345 672 1403 vero,
690 1331 852 1409 quantum
874 1322 971 1389 liceat
992 1336 1027 1388 et
1050 1325 1159 1390 nescio
1181 1347 1217 1389 an

216 1426 315 1514 paulo
331 1425 404 1514 plus
418 1427 528 1508 etiam,
540 1447 640 1512 quam
657 1426 764 1509 liceat,
775 1425 1020 1492 abhorrentem.
1057 1425 1120 1492 Est
1135 1429 1246 1493 enimn

216 1551 281 1596 nou
298 1530 397 1596 modo
414 1527 549 1594 liberale
566 1527 703 1615 paulum
722 1550 790 1594 non
809 1549 990 1614 numquam
1009 1528 1052 1594 de
1069 1531 1218 1606 suoinre

215 1631 381 1714 decedere,
403 1629 461 1696 scd
483 1630 651 1696 interdum
673 1631 773 1696 etiam
796 1630 1013 1696 fructuosum.
1059 1630 1218 1711 Habenda

215 1745 325 1800 antem
357 1734 441 1798 ratio
471 1743 521 1798 est
550 1734 599 1800 rei
630 1732 814 1816 familiaris,
836 1755 936 1819 quam
962 1733 1098 1818 quidem
1121 1735 1217 1800 dilabi

215 1838 322 1906 sinere
343 1835 544 1924 flagitiosum
566 1845 626 1920 est,
643 1836 700 1902 sed
722 1836 779 1919 ita,
794 1845 833 1901 ut
849 1835 1098 1914 inliberalitatis
1119 1839 1217 1902 avari-

215 1940 346 2026 tiaeque
363 1941 448 2006 absit
466 1939 628 2026 suspici03
650 1959 745 2025 posse
762 1940 852 2004 enim
870 1937 1067 2004 liberalitate
1082 1939 1131 2004 uti
1154 1962 1244 2004 nonu

215 2042 410 2128 spoliantem
432 2065 467 2110 se
488 2042 689 2130 patrimonio
706 2041 864 2108 nimirum
884 2049 934 2107 est
955 2043 1113 2128 pecuniae
1135 2043 1216 2108 fruc

216 2155 270 2210 tus
284 2146 457 2212 maximus.
501 2145 605 2212 Recte
622 2145 723 2211 etiam
741 2166 760 2210 a
778 2144 1005 2231 Theophrasto
1022 2153 1072 2210 est
1090 2145 1215 2210 laudata

216 2245 438 2333 hospitalium
461 2257 511 2313 est
532 2247 632 2329 euim,
648 2255 687 2312 ut
708 2246 791 2312 mihi
809 2247 945 2333 quidem
963 2246 1105 2329 videtur,
1125 2247 1216 2312 valde

216 2348 371 2415 decorum
386 2356 499 2436 patere
514 2349 631 2416 domus
646 2349 817 2416 hominnm
830 2349 1021 2414 inlustrium
1036 2349 1216 2436 hospitibus

215 2451 418 2535 inlustribus,
442 2452 542 2538 idque
563 2453 664 2518 etiam
688 2453 735 2518 rei
761 2451 910 2538 publicae
936 2459 985 2516 est
1015 2463 1241 2534 ornamentum

216 2554 365 2622 homines
379 2563 532 2622 externos
543 2554 605 2622 hoc
620 2554 827 2622 liberalitatis
838 2577 959 2642 genere
970 2556 1004 2619 in
1016 2557 1099 2620 urhe
1111 2564 1214 2641 nostra

215 2681 281 2726 uon
298 2681 403 2746 egere.
448 2657 508 2725 Est
523 2665 633 2724 antem
651 2659 750 2724 etiam
766 2656 981 2724 vehementer
996 2657 1078 2722 utile
1096 2659 1147 2742 iis,
1162 2658 1214 2745 qui

215 2761 351 2830 honeste
373 2783 467 2850 posse
489 2760 632 2842 multum
655 2760 783 2844 volunt,
805 2782 865 2847 per
886 2759 1031 2847 hospites
1056 2762 1145 2848 apud
1168 2783 1214 2826 er-

215 2874 326 2932 ternos
343 2866 485 2953 populos
502 2864 610 2954 ualere
628 2865 747 2951 opibus
764 2873 798 2929 et
814 2864 929 2950 gratia.
974 2863 1215 2950 Theophrastus

215 2967 350 3051 quidem
366 2968 477 3032 scribit
489 2966 664 3032 Cimonem
675 2965 819 3032 Athenis
834 2967 934 3032 etiam
946 2965 980 3030 iu
993 2987 1068 3030 suos
1082 2965 1240 3031 curialesa

215 3068 369 3134 Laciadas
384 3067 580 3154 hospitalem
595 3069 717 3151 inisse3
731 3069 779 3134 ita
794 3069 883 3134 enim
901 3068 1082 3154 instituisse
1101 3077 1135 3134 et
1151 3068 1214 3132 rili·

214 3171 261 3239 cis
286 3171 506 3256 imperavisse,
533 3180 571 3236 ut
601 3173 712 3238 omnia
742 3172 986 3258 praeberentur,
1017 3171 1213 3258 quicumque

214 3272 369 3340 Laciades
383 3273 418 3338 in
434 3273 546 3338 villam
562 3293 653 3339 suam
669 3274 871 3356 deperiisset.

166 3331 212 3478 ἐξ
258 3375 351 3454 Quae
373 3384 484 3442 atatem
507 3399 615 3463 opera,
634 3399 700 3444 non
720 3377 894 3464 largitione
912 3376 1070 3443 beneficia
1088 3377 1212 3458 dantur,

213 3479 294 3546 haee
309 3487 381 3545 tum
397 3479 432 3543 in
448 3480 633 3546 universam
654 3503 723 3546 rem
741 3480 917 3567 publicam,
933 3488 1005 3545 tum
1020 3480 1054 3544 in
1071 3479 1238 3566 singulossa

213 3583 302 3650 cives
317 3581 544 3649 conferuntur.
584 3581 672 3648 Nam
689 3583 723 3646 in
741 3585 811 3648 inre
823 3604 946 3666 cavere,
958 3581 1094 3648 consilio
1106 3584 1213 3648 invare

212 3694 312 3774 atque
337 3686 400 3753 hoc
428 3686 582 3754 scientiae
609 3706 729 3770 genere
755 3685 908 3771 prodesse
936 3706 1036 3772 qnam
1064 3685 1212 3772 plurimis
