2734 4362
410 382 479 432 nm.
499 382 522 434 1.
545 379 638 434 ¹¹car.
656 382 746 432 ar-aa
780 381 902 443 §as-ar.
1114 385 1159 453 41.

148 532 294 616 mittere,
313 539 351 597 ut
373 531 549 618 aliquando
571 531 746 598 dicendum
765 532 826 598 sit:
847 535 866 569 “
876 531 911 598 N
912 538 959 598 o'n·
974 532 1156 621 putaram.”

148 635 245 703 Haec
263 643 340 701 sunt
357 657 456 722 opera
474 636 587 723 magni
605 635 707 700 animi
726 642 760 700 et
782 635 902 702 excelsi
925 644 959 702 et
981 637 1158 724 prudentia

149 739 352 825 consilioque
374 737 526 820 fidentis3
549 747 673 804 temere
695 746 807 804 autem
829 739 865 803 in
887 740 956 806 acie
978 741 1100 806 versari
1123 749 1157 808 et

149 849 258 907 manu
270 863 347 909 cum
366 840 460 907 hoste
476 839 651 927 confligere
668 843 814 907 immane
832 841 991 928 quiddam
1014 850 1047 908 et
1070 843 1158 908 belus

128 966 245 1013 narum
267 944 375 1010 simile
397 952 461 1026 est3
487 943 545 1009 scd
568 965 643 1010 cunr
668 952 799 1031 tempus
821 945 1062 1031 necessitasque
1087 967 1158 1032 pos·

150 1046 246 1129 tutat,
263 1047 497 1116 decertandum
515 1067 614 1112 manu
632 1054 682 1112 est
697 1055 731 1113 ct
747 1067 834 1114 mors
849 1047 1003 1114 servituti
1019 1048 1158 1135 turpitu-

149 1149 289 1235 dinique
303 1149 541 1236 anteponenda.
978 1167 980 1172 ’
999 1194 1001 1198 -

147 1299 149 1304 ,
196 1250 251 1318 De
275 1252 463 1318 evertendis
484 1261 595 1318 autem
618 1252 878 1341 diripiendisque
900 1253 1038 1320 urbibus
1060 1253 1156 1320 valde

150 1354 425 1421 considerandum
440 1363 489 1422 est
504 1376 546 1420 ne
561 1356 644 1442 quid
662 1363 796 1440 temere,
811 1365 854 1422 ue
872 1357 954 1442 quid
972 1356 1157 1422 crudeliter.

115 1479 142 1520 ro
151 1456 259 1543 quue
274 1465 323 1523 o'st
339 1458 452 1544 magni
464 1458 538 1542 viri,
551 1460 649 1524 rebus
663 1459 795 1544 agitatis
813 1459 932 1545 punire
944 1467 1064 1541 sontes,
1077 1459 1159 1524 mui-

150 1561 330 1626 titudinem
360 1573 562 1648 conservare,
589 1561 624 1626 in
655 1562 747 1627 omni
779 1563 915 1628 fortuna
943 1569 1032 1626 recta
1061 1570 1159 1647 atque

150 1663 288 1752 honesta
302 1664 464 1728 retinere:
483 1662 533 1729 Ut
545 1665 634 1729 enirn
647 1672 733 1747 sunt,
746 1651 845 1751 quem
858 1665 899 1730 ad
916 1663 1051 1730 modum
1062 1685 1160 1750 supra

149 1767 232 1849 dixi,
248 1767 306 1852 qui
321 1767 456 1832 urbanis
471 1767 569 1833 rebus
586 1767 718 1833 bellicas
732 1775 945 1855 anteponant,
955 1767 1004 1840 ¹sic
1019 1767 1160 1853 reperias

150 1869 283 1951 multos,
307 1869 428 1958 quibus
450 1869 632 1955 periculosa
654 1878 687 1934 et
704 1869 814 1942 'calida
832 1869 966 1936 consilia
984 1870 1104 1956 quietis
1126 1877 1160 1948 et

114 1971 304 2059 recogitatis
319 1972 542 2058 splendidiora
557 1980 591 2038 et
611 1973 732 2038 maiora
744 1973 927 2038 videantur.
964 1971 1158 2060 Numquam
1169 1989 1206 2042 83

150 2075 288 2140 omnino
312 2075 451 2161 periculi
472 2073 554 2160 iuga
576 2075 852 2140 committendum
878 2083 937 2158 est,
960 2082 1008 2140 ut‘
1020 2075 1159 2141 inbelles

151 2177 328 2264 timidique
350 2173 534 2260 uideamur,
562 2175 618 2242 scd
648 2177 847 2264 fugiendum
872 2177 955 2244 illud
980 2178 1090 2260 etiam,
1117 2200 1160 2244 nc

148 2275 328 2346 offeramus
343 2277 402 2346 nos
417 2279 573 2367 periculis
588 2281 774 2362 ebrocense,
787 2302 852 2366 quo
868 2302 937 2346 esse
952 2280 1037 2346 nibil
1052 2282 1160 2367 potest

152 2383 295 2461 stultius.
333 2383 545 2470 Quapropter
558 2382 770 2449 in'adeundis
785 2383 939 2470 periculis
957 2383 1160 2450 consuetudo

108 2485 313 2551 mimitanda
328 2487 530 2552 medicorum
546 2494 606 2570 est,
619 2487 676 2573 qui
692 2485 811 2552 ieviter
821 2489 1027 2572 aegrotantes
1041 2486 1165 2564 leniter
1189 2565 1192 2571 Ι

151 2596 279 2670 curant,
291 2589 498 2674 gravioribus
509 2597 620 2668 autem
634 2589 756 2653 morbis
768 2588 965 2674 periculosas
976 2589 1161 2653 curationes

151 2700 186 2756 et
211 2685 371 2778 ancipites
392 2689 548 2757 adhibere
570 2699 744 2778 coguntur.
790 2689 900 2767 Quare
922 2690 958 2752 iu
980 2689 1160 2775 tranquillo

144 2789 383 2881 tempestatem
400 2794 570 2860 adversam
589 2802 703 2879 optare
721 2791 884 2857 dementis
906 2798 965 2872 est,
985 2790 1160 2857 subvenire

150 2903 263 2962 autern
279 2897 465 2982 tempestati
475 2895 596 2981 ‘quavis
609 2893 910 2981 rationesapientis,
925 2913 1033 2979 eoque
1046 2893 1159 2980 magis,

106 2999 179 3064 nasi
205 2998 280 3086 pius
303 2999 481 3085 adipiscare
503 3020 539 3062 re
561 2996 724 3084 explicata
746 2997 825 3062 boni
847 3019 946 3084 quam
970 2995 1161 3064 addubitata

147 3102 241 3166 mali.
286 3099 495 3167 Periculosae
523 3110 635 3166 autem
658 3102 774 3166 'rerum
801 3101 945 3166 actiones
975 3101 1094 3187 partim
1120 3099 1161 3166 iis

150 3211 239 3286 snut,
255 3203 313 3289 qui
328 3203 382 3268 eas
397 3201 592 3288 suscipiunt,
607 3202 727 3288 partim
737 3201 790 3266 ,rei
806 3201 966 3288 publicae.
1003 3199 1160 3291 Itemque

149 3305 207 3370 alii
222 3305 359 3388 devita,
371 3305 428 3370 alii
442 3305 484 3370 de
498 3304 603 3390 gloria
618 3311 651 3370 et
667 3303 894 3370 benivolentia
902 3305 1028 3370 'civium
1044 3305 1086 3372 in
1096 3304 1159 3368 dis-

149 3409 277 3473 crimen
292 3418 462 3480 vooantur.
507 3406 734 3493 Promptiores
745 3407 848 3492 igitur
863 3406 1023 3472 debemus
1036 3427 1104 3471 esse
1119 3405 1160 3470 ad

115 3518 262 3576 anostra
279 3509 427 3596 pericula
444 3529 543 3595 quarn
561 3509 602 3574 ad
625 3509 813 3574 communia
830 3507 1051 3596 dimicareque
1068 3529 1159 3594 para-

148 3613 217 3678 tius
232 3613 275 3678 de
289 3609 415 3679 honore
430 3620 464 3678 et
478 3611 584 3699 gloria
599 3633 697 3698 quam
714 3611 755 3676 de
771 3611 887 3676 ceteris
902 3611 1094 3677 commodis.

138 3731 144 3772 ι
192 3713 339 3780 Inventi
349 3715 465 3781 autem
479 3713 582 3780 multiv
596 3722 683 3799 sunt,
700 3713 843 3800 quinon
857 3713 958 3804 modo
973 3711 1207 3804 pecuniam&

1161 1214 1207 1282 tt

1168 1305 1204 1358 ea
