2734 4362
218 333 262 396 44
613 327 665 380 nn
687 327 840 382 ormcus
962 345 969 352 ·

170 480 275 548 sosed
294 479 335 546 ad
354 478 402 546 rei
420 477 572 567 publicae
589 478 768 544 utilitatem
785 477 913 546 referri.
958 479 1157 546 Cavendum
1178 489 1227 548 est

215 582 328 666 etiam,
344 603 387 648 ne
405 581 509 648 maior
525 601 632 669 poena
649 602 748 668 quam
765 580 862 668 culpa
879 582 932 665 sit,
947 589 981 648 et
999 586 1042 648 ne
1060 582 1169 648 isdem
1187 583 1226 650 de

216 685 320 752 causis
333 683 389 750 alii
405 683 601 771 plectantur,
613 683 669 749 alii
682 704 724 750 ne
735 683 945 770 appellentur
955 684 1103 780 quidem.
1148 685 1227 752 Pro

215 786 360 854 bibenda
374 795 484 853 antem
501 787 645 852 maxime
659 793 709 852 est
724 787 773 852 ira
787 787 822 850 in
838 787 1025 873 puniend03
1042 807 1227 874 numquam

215 889 316 973 enirn,
342 889 444 954 iratus
473 889 532 976 qui
560 887 694 956 accedet
718 887 760 954 ad
786 909 937 974 poenam,
963 889 1257 958 mediocritatem

215 992 307 1058 illam
336 991 473 1075 tenebit,
485 1011 569 1078 quae
591 998 640 1057 est
665 990 754 1056 inter
775 990 919 1058 nimium
940 999 975 1057 et
997 1013 1127 1078 parurn,
1142 1015 1227 1080 quae

215 1093 323 1182 placet
338 1092 579 1182 Peripateticis,
594 1101 629 1160 ct
643 1101 731 1160 recte
746 1091 864 1180 planet,
881 1093 981 1160 modo
996 1111 1039 1162 ne
1054 1094 1228 1162 laudarent

215 1195 417 1261 iracundiam
440 1203 474 1262 et
496 1196 645 1262 dicerent
667 1194 795 1260 utiliter
813 1216 834 1260 a
853 1203 971 1270 natura
992 1195 1115 1262 datam.
1163 1197 1228 1266 Illa

216 1312 294 1358 vero
310 1291 463 1358 omnibns
477 1291 512 1358 in
528 1292 626 1360 rcbus
638 1291 841 1378 repudianda
852 1299 903 1358 est
914 1291 1176 1379 optandumque,
1189 1303 1227 1358 ut

214 1394 250 1476 ii,
268 1394 326 1482 qui
345 1403 500 1481 praesunt
518 1393 565 1460 rei
583 1393 745 1481 publicae,
764 1392 877 1480 legum
898 1393 1021 1459 similes
1042 1395 1122 1478 sint,
1141 1417 1256 1482 quaen

215 1497 256 1563 ad
271 1496 479 1584 puniendum
494 1517 561 1562 non
577 1495 756 1576 iracundia,
771 1495 828 1560 sed
843 1496 1008 1582 aequitate
1023 1496 1203 1562 ducuntur.

259 1600 374 1688 Atque
399 1599 500 1665 etiam
526 1599 560 1663 in
586 1599 683 1664 rebus
707 1597 871 1685 prosperis
894 1606 929 1663 et
952 1598 992 1664 ad
1015 1599 1223 1666 voluntatem

214 1711 360 1771 nostram
388 1699 568 1768 fluentibus
594 1701 780 1788 snperbiam
813 1697 1022 1788 magnopere,
1047 1702 1223 1768 fastidium

213 1805 500 1892 arrogantiamque
522 1803 700 1891 fugiamus.
745 1802 835 1870 Nam
857 1811 896 1869 nt
917 1804 1070 1894 adversas
1092 1827 1154 1888 res,
1177 1807 1224 1871 sic

213 1907 371 1972 secundas
399 1907 603 1974 inmoderate
628 1905 716 1972 ferre
742 1905 886 1972 levitatis
912 1914 970 1990 est,
993 1907 1253 2001 praeclaraquerp

213 2016 264 2074 est
286 2009 500 2096 aequabilitas
523 2010 558 2074 in
582 2010 674 2075 omni
698 2010 767 2076 vita
790 2017 824 2074 et
842 2009 931 2096 idem
954 2031 1085 2096 semper
1110 2012 1222 2076 vultus

213 2110 394 2198 eademqne
416 2111 519 2196 frons,
538 2121 576 2178 ut
598 2112 640 2178 do
663 2112 797 2178 Socrate
818 2111 965 2198 itemque
987 2112 1029 2178 da
1052 2112 1090 2178 0.
1110 2112 1221 2200 Laelio

212 2214 407 2300 accepimus.
451 2213 648 2302 Philippum
677 2215 823 2301 quidem,
849 2213 1069 2282 Macedonum
1098 2237 1220 2304 regem,

213 2317 311 2382 robus
335 2316 437 2403 gestis
461 2325 495 2382 et
517 2317 622 2404 gloria
642 2326 839 2405 ,superatum
863 2339 882 2382 a
904 2317 984 2402 filio,
1002 2317 1165 2384 facilitate
1186 2328 1220 2385 et

212 2417 418 2486 humanitate
434 2420 536 2486 video·
546 2421 751 2508 superiorem
768 2421 891 2502 fuisse3
913 2421 1025 2506 itaque
1040 2420 1124 2486 alter
1140 2443 1249 2514 sem-sn

212 2544 272 2609 per
295 2544 443 2611 magnus,
466 2523 550 2588 altcr
572 2545 669 2611 saepe
696 2524 924 2610 turpissimus3
950 2532 989 2588 ut
1014 2531 1104 2610 reete
1129 2547 1219 2610 prae

211 2627 321 2714 cipere
348 2627 531 2710 videantur,
558 2625 617 2713 qui
646 2635 794 2709 monent,
823 2635 860 2690 ut
885 2633 1010 2711 quanto
1036 2628 1219 2712 superiores

211 2730 323 2815 simus,
340 2739 433 2798 tanto
448 2752 507 2798 nos
525 2750 677 2816 geramus
696 2728 909 2794 summissius.
954 2727 1132 2794 Panaetius
1150 2731 1217 2818 qui-

211 2834 288 2899 dem
310 2834 519 2918 Africanum,
538 2833 722 2898 auditorem
745 2840 780 2898 et
801 2831 1001 2896 familiarem
1022 2853 1130 2916 suum,
1146 2833 1218 2899 soli·

211 2945 284 3002 tum
299 2939 345 3002 ait
362 2938 481 3021 dicere,
498 2943 517 2978 “
527 2947 563 3004 ut
577 2959 679 3026 equos
694 2943 830 3025 propter
847 2939 973 3004 crebras
992 2939 1246 3027 contentionesu

208 3039 411 3128 proeliorum
437 3040 609 3107 ferocitate
635 3039 819 3108 exultantes
844 3040 1063 3107 domitoribus
1088 3042 1216 3107 tradere
1341 3046 1342 3095 ἶ

209 3143 346 3224 soleant,
362 3149 400 3206 ut
422 3142 462 3208 iis
483 3142 686 3212 facilioribus
708 3144 833 3231 possint
855 3144 915 3226 nti,
931 3145 978 3230 sie
1000 3143 1150 3233 homines
1171 3167 1215 3210 se

210 3245 326 3317 cundis
343 3244 440 3310 rebus
458 3245 641 3322 ecfrenatos
658 3247 786 3333 sibique
807 3243 1027 3332 praefidentes
1049 3255 1212 3334 tamquam
1337 3299 1341 3308 .

209 3349 244 3412 in
267 3369 388 3434 gyrum
410 3347 546 3414 rationis
568 3356 602 3414 et
624 3349 792 3415 doctrinae
813 3349 889 3414 duci
912 3358 1064 3436 oportere
1086 3358 1125 3414 nt
1146 3371 1213 3437 per-

209 3453 373 3538 spicerent
386 3473 496 3517 rerum
511 3449 730 3518 humanarum
744 3451 994 3520 inbecillitatem
1010 3452 1243 3518 varietatem-so

99 3625 100 3628 ,
160 3572 196 3628 91
209 3575 274 3643 que
299 3553 484 3620 fortunae.”
528 3555 644 3642 Atque
668 3555 767 3621 etiam
792 3555 827 3620 in
850 3555 1094 3622 secundissimis
1116 3555 1211 3620 rebus

207 3657 352 3746 maxime
369 3665 420 3726 est
436 3657 599 3736 utendum
621 3657 756 3725 consilio
779 3658 959 3724 amicorum
982 3658 1087 3744 iisque
1109 3657 1211 3747 maior

167 1561 211 1630 26

167 1653 205 1706 oo
