2734 4362
212 361 255 424 26
602 355 655 408 un
675 354 830 409 orrrcus

212 507 347 590 ultibus,
359 505 492 590 Poenis,
504 505 636 593 Pyrrho
647 507 690 574 de
701 506 843 596 imperio
855 504 1084 574 dimicabatur.
1113 502 1230 570 Poeni

211 609 402 699 foedifragi,
419 609 561 678 erudelis
573 609 753 694 Hannibal,
768 609 889 697 reliqui
903 608 1066 674 iustiores
1097 604 1229 694 Pyrrhi

211 703 347 802 quidem
363 714 406 782 de
421 713 560 801 captivis
578 713 754 782 reddendis
767 712 825 778 illa
841 709 1026 799 praeclara:

319 825 381 880 Nec
391 822 432 878 mi
446 839 544 878 aurum
556 839 643 895 pesco
653 837 706 878 nec
718 822 759 877 mi
772 821 895 895 pretinm
907 819 1057 888 dederitis3

319 912 387 966 Nou
399 915 590 982 cauponantes
602 909 774 980 bellum,aed
786 908 984 980 belligerantes
1247 924 1262 964 s
1337 907 1338 922 ¹

319 1000 415 1070 Ferro,
425 1015 482 1054 nou
494 1015 562 1054 auaro
573 999 661 1056 uitam
672 1013 819 1054 cernamus
832 995 954 1066 utrique.

319 1088 415 1142 Vosne
425 1086 495 1142 velit
507 1103 543 1142 an
555 1103 600 1142 me
612 1102 727 1159 regnare
739 1102 786 1140 era
803 1085 911 1156 quidve
922 1084 994 1140 scrut
1005 1085 1084 1156 Fors,

320 1173 433 1230 Virtute
444 1174 627 1245 experiamur.
663 1175 702 1228 Et
713 1173 769 1228 hoc
783 1172 868 1228 simul
880 1172 977 1244 accipe
989 1171 1114 1228 dictum:

320 1261 447 1329 Quorum
458 1261 559 1316 virtmi
573 1261 640 1316 belli
651 1260 764 1316 fortuna
776 1261 912 1333 pepercit,

320 1349 483 1405 Eorundem
495 1349 621 1405 libertati
633 1365 678 1404 me
690 1365 803 1422 parcere
815 1353 923 1404 certum
938 1352 988 1406 est.
1235 1374 1260 1415 10

320 1441 412 1510 Dono,
421 1437 526 1508 ducite,
536 1438 631 1508 doque
643 1437 805 1492 volentibus
816 1453 881 1492 curn
893 1437 1004 1509 maguis
1016 1437 1070 1494 dis.

215 1537 351 1626 Regalis
364 1559 442 1604 saue
456 1545 491 1603 st
505 1535 607 1624 digua
621 1536 842 1603 Aeacidarum
858 1557 980 1624 genere
995 1536 1169 1604 sententia

168 1613 211 1683 ¹⁸
259 1643 375 1729 Atque
400 1641 501 1707 etiam
530 1640 559 1704 si
587 1638 669 1726 quid
699 1638 823 1726 singuli
854 1638 1060 1726 temporibus
1088 1641 1225 1708 adducti

167 1707 205 1760 39
214 1743 302 1811 hosti
319 1743 552 1832 promiserunt,
567 1750 618 1807 est
635 1741 670 1806 iu
689 1763 729 1808 eo
747 1741 819 1829 ipso
836 1739 919 1807 fides
936 1743 1169 1826 conservanda,
1183 1752 1224 1809 nt

214 1848 322 1934 primo
342 1844 472 1911 Punico
495 1843 582 1910 bello
599 1843 750 1932 Regulus
767 1853 882 1932 captus
899 1867 918 1910 a
936 1843 1060 1911 Poenis
1080 1869 1157 1912 eum
1179 1847 1256 1913 dors

214 1947 355 2035 captivis
369 1945 768 2014 commutandis'Romam
784 1947 902 2013 missus
916 1955 1002 2014 esset
1019 1949 1222 2038 iurassetque

128 2071 131 2078 ’
213 2073 249 2118 se
263 2050 459 2134 rediturum,
474 2049 631 2136 primurn,
647 2058 685 2115 ut
700 2049 803 2133 veuit,
819 2050 968 2138 captivos
985 2051 1170 2118 reddendos
1184 2054 1221 2118 in

214 2161 330 2222 senatu
353 2173 419 2220 nou
435 2153 572 2236 censuit,
588 2151 718 2236 deiude,
741 2175 819 2220 cum
836 2153 1036 2220 retineretur
1052 2175 1072 2220 a
1090 2157 1221 2243 propin-

214 2256 290 2344 quis
312 2255 408 2322 stab
430 2255 552 2333 amicis,
567 2255 608 2321 ad
630 2255 830 2342 supplicium
852 2255 960 2322 redire
980 2256 1099 2322 maluit
1120 2279 1219 2345 quam

165 2359 316 2428 tolidem
342 2357 429 2424 hosti
454 2357 565 2424 datm
591 2356 717 2424 fallere.
764 2357 930 2442 [Secundo
954 2368 1066 2425 autem
1092 2359 1252 2428 Punieoao

214 2461 301 2529 bello
323 2467 398 2549 post
416 2459 622 2527 Cannensem
641 2481 789 2548 pugnam
810 2482 893 2548 qnos
916 2460 1030 2527 decem
1049 2461 1219 2530 Hannibal

213 2565 355 2634 Romam
378 2564 527 2632 astrictos
549 2563 641 2632 misit
661 2564 734 2630 iure
751 2563 890 2630 iurando
907 2584 943 2630 se
960 2565 1123 2632 redituros
1140 2589 1216 2650 essa,

212 2669 276 2736 nisi
299 2669 341 2736 de
367 2667 569 2736 redimendis
591 2667 642 2751 iis,
661 2667 719 2753 qui
743 2666 832 2754 capti
855 2673 959 2750 eraut,
977 2666 1215 2755 impetrassent,

212 2795 268 2840 cos
293 2793 407 2840 omnes
429 2781 587 2852 censores,
609 2768 717 2856 quoad
745 2769 885 2856 quisque
911 2791 1025 2835 eorum
1046 2771 1141 2855 vixit,
1161 2773 1215 2858 qni

212 2875 422 2961 peierasseut,
434 2873 468 2936 iu
484 2871 616 2938 aerariis
630 2871 835 2959 reliquerunt
847 2893 907 2938 nec
921 2871 1032 2938 minus
1042 2873 1149 2958 illum,
1160 2875 1213 2962 qui
1222 2898 1247 2939 ss

213 2975 294 3042 iuris
321 2973 451 3039 iurandi
477 2972 596 3039 fraude
624 2973 757 3062 culpam
787 2975 968 3041 invenerat.
1012 2975 1100 3041 Cum
1129 2977 1213 3043 enim

213 3074 413 3142 Hannibalis
438 3074 597 3162 permissu
624 3077 744 3143 exisset
769 3076 811 3143 dc
840 3077 962 3160 castris,
991 3078 1091 3144 rediit
1120 3079 1213 3166 paulo

213 3186 298 3266 post,
327 3177 417 3265 quod
446 3198 481 3243 se
509 3175 649 3244 oblitum
677 3179 786 3246 nescio
813 3179 894 3267 quid
923 3179 1066 3264 diceret3
1099 3182 1213 3248 deiude

212 3301 395 3369 egressnse
412 3280 525 3347 castris
542 3281 613 3347 iure
635 3281 774 3348 iurando
795 3304 830 3348 se
852 3282 996 3348 solutum
1019 3285 1166 3370 putabat,
1183 3293 1213 3350 et
1336 3351 1338 3376 ,

213 3391 284 3450 crat
306 3383 424 3466 verbis,
440 3405 476 3450 re
497 3403 564 3450 nou
583 3392 662 3450 erat.
708 3385 847 3472 Semper
864 3385 1025 3452 antemio
1048 3385 1116 3452 fide
1138 3387 1244 3474 quiden
1336 3381 1338 3418 ³

213 3487 360 3571 senseris,
390 3508 457 3554 nou
487 3487 566 3574 quid
598 3487 729 3570 dixeris,
762 3488 986 3574 cogitandum.
1030 3487 1211 3554 Maximum

212 3595 325 3656 autem
346 3588 536 3677 exemplum
559 3597 609 3656 est
630 3589 775 3656 iustitiae
792 3591 828 3654 in
850 3588 980 3656 hostem
998 3611 1018 3655 a
1039 3591 1213 3658 maioribus
1337 3661 1338 3678 ,

212 3693 332 3760 nostris
346 3693 574 3774 constitutum,
593 3712 667 3757 cunr
683 3712 702 3756 a
716 3689 848 3776 Pyrrho
865 3691 1008 3777 perfuga
1024 3693 1212 3758 senatuiest
