2710 4374
213 365 254 430 88
599 365 650 418 DE
673 365 826 419 omens

164 515 342 586 ateosdem
357 522 508 584 metuant
519 517 583 604 ipsi
594 537 724 584 necesse
739 523 798 584 est.
844 515 935 594 Quid
947 515 1035 582 enirn
1048 534 1217 582 censemus

211 619 412 705 superiorem
428 619 523 686 illurn
534 619 736 707 Dionysium
751 641 819 707 quo
833 619 981 685 cruciatu
997 619 1129 684 timoris
1142 620 1217 706 angi

210 721 355 806 solitum,
365 723 423 811 qni
434 723 557 791 cultros
571 731 722 788 metuens
733 722 895 790 tonsorios
906 720 1068 788 candente
1080 722 1217 788 carbone

210 825 274 892 sibi
295 825 453 892 adurebat
474 825 651 914 capillumt
676 825 758 912 quid
778 824 1009 892 Alexandrum
1032 823 1222 891 Pheraeum

211 949 277 1016 quo
298 929 410 995 auimo
431 929 550 996 vixisse
571 928 789 996 arbitramurl
815 929 883 1015 qui,
898 936 938 994 ut
958 927 1121 1015 seriptum
1142 927 1235 1014 legi-s

210 1051 295 1114 mus,
311 1051 386 1098 cum
409 1052 547 1098 uxorem
565 1030 701 1100 Theben
726 1031 905 1098 admodum
927 1031 1092 1118 diligeret,
1107 1038 1215 1098 tamen

210 1132 252 1198 ad
269 1153 342 1198 eam
364 1154 405 1198 ex
427 1134 533 1221 opulis
554 1134 589 1200 iu
611 1134 803 1202 cubiculum
826 1135 962 1201 veniens
984 1135 1171 1217 barbarum,
1185 1141 1218 1200 et

210 1256 286 1301 eum
302 1232 448 1322 quidem,
458 1244 496 1302 ut
511 1237 672 1324 scriptum
687 1245 746 1321 est,
758 1244 984 1324 conpunctum
999 1237 1087 1305 notis
1102 1236 1218 1307 Tlr'rae·

210 1339 279 1422 ciis,
289 1337 444 1406 destricto
458 1338 569 1426 gladio
584 1340 718 1405 iubebat
728 1340 853 1406 anteire
868 1339 1168 1428 praemittebatque
1178 1339 1216 1404 de

211 1441 422 1530 stipatoribus
440 1441 516 1524 suis,
529 1441 588 1529 qui
602 1449 827 1508 scrutarentur
843 1441 967 1508 arculas
983 1441 1162 1508 muliebres
1175 1448 1244 1523 et‚o

210 1566 253 1612 ne
268 1545 357 1633 quod
372 1545 407 1610 in
421 1544 626 1610 vestimentis
637 1543 740 1611 telum
756 1544 983 1628 occultaretur,
995 1544 1215 1632 exquirerent.

211 1648 243 1714 O
261 1649 428 1732 miserum,
443 1647 502 1735 qui
519 1646 702 1715 fideliorem
719 1654 754 1714 et
771 1648 944 1714 barbarum
964 1653 999 1713 et
1016 1647 1216 1734 stignratiam

210 1758 342 1839 putaret
356 1771 455 1838 quam
474 1749 668 1837 coniugem!
713 1747 786 1816 Nec
801 1771 877 1816 eum
892 1748 1035 1832 fefellit3
1057 1750 1099 1815 ab
1114 1771 1153 1814 ea
1170 1757 1217 1814 est

211 1856 300 1922 enim
325 1855 397 1942 ipsa
420 1860 558 1942 propter
581 1851 741 1940 pelicatus
766 1852 987 1939 suspicionem
1012 1851 1215 1918 interfectus.

210 1957 285 2024 Nec
310 1978 389 2022 vero
414 1957 482 2022 ulla
506 1956 557 2022 vis
582 1955 714 2043 imperii
740 1961 831 2022 tauta
857 1963 916 2038 est,
937 1975 1021 2042 quae
1047 1963 1243 2043 prementem

163 2067 303 2126 tometu
325 2059 429 2145 possit
450 2080 519 2126 esse
541 2058 707 2124 diuturna.
752 2057 859 2124 Testis
881 2066 931 2124 est
950 2057 1109 2143 Phalaris,
1125 2059 1216 2125 cuius

211 2171 261 2228 est
275 2169 405 2248 praeter
422 2167 547 2228 ceteros
564 2161 736 2228 nobilitata
752 2159 938 2244 crudelitas,
951 2161 1009 2248 qui
1027 2183 1094 2228 uon
1112 2183 1153 2228 ex
1172 2163 1213 2226 iu·

210 2264 303 2332 cidiis
320 2263 456 2346 interiit,
468 2270 507 2330 ut
524 2264 561 2348 is,
574 2285 674 2352 quern
690 2263 789 2331 modo
807 2264 887 2348 dixi,
900 2263 1101 2346 Alexander,
1114 2285 1181 2330 nou
1198 2285 1215 2328 a

211 2367 333 2456 paucis,
345 2373 383 2432 ut
400 2365 455 2432 hic
472 2375 593 2452 noster,
608 2368 664 2434 sed
683 2367 717 2434 in
737 2390 837 2456 quern
855 2367 1008 2434 universa
1026 2367 1215 2458 Agrigenti·
1234 2434 1239 2444 ‚

211 2491 330 2536 norum
348 2469 527 2538 multitudo
546 2471 710 2558 impetum
727 2470 818 2538 fecit.
863 2469 976 2548 Quidl
1019 2469 1242 2544 Macedonesa

211 2595 322 2642 noune
339 2573 550 2642 Demetrium
570 2573 777 2661 reliquerunt
794 2573 1008 2660 universique
1025 2594 1059 2640 se
1077 2574 1120 2639 ad
1137 2573 1216 2660 Pyr·
1328 2613 1332 2624 ι

211 2675 310 2744 rhum
339 2676 571 2746 contuleruntl
626 2677 739 2755 Quidt
793 2675 1068 2744 Lacedaemonios
1096 2677 1215 2742 iniuste

210 2781 409 2870 imperantes
423 2801 533 2848 noune
548 2789 684 2868 repente
700 2800 814 2846 omnes
824 2779 895 2846 fere
909 2778 989 2849 socii
1004 2779 1215 2846 deseruerunt

211 2892 475 2970 spectatoresque
485 2904 520 2950 se
532 2883 652 2949 otiosos
661 2880 1080 2969 praebueruntLeuctricae
1092 2881 1220 2948 calamis

171 2987 192 3054 8
211 2985 308 3058 ¹tatisl
350 2983 497 3050 Externa
511 2984 669 3052 libentius
686 2984 722 3050 iu
738 2983 797 3050 tali
812 3005 847 3049 re
862 3005 962 3070 quarn
977 2984 1156 3052 domestica
1172 3003 1242 3050 res

212 3086 337 3152 cordor.
386 3085 514 3152 Verum
543 3095 664 3171 tamen,
683 3109 782 3174 quam
811 3087 869 3155 diu
898 3087 1075 3174 imperium
1102 3087 1215 3175 populi

211 3187 356 3255 Romani
370 3186 537 3254 beneficiis
552 3191 735 3274 tenebatur,
748 3211 815 3258 nou
830 3189 969 3273 iniuriis,
982 3187 1069 3256 belle
1085 3198 1144 3256 aut
1158 3211 1215 3276 pro

211 3291 307 3358 sociis
321 3297 379 3356 aut
393 3289 435 3356 de
449 3290 588 3378 imperio
602 3293 811 3380 gerebantur,
823 3291 932 3360 exitus
946 3299 1040 3358 orant
1054 3291 1216 3359 bellorum

210 3401 268 3460 aut
286 3395 383 3460 mites
404 3401 462 3460 aut
479 3395 660 3480 necessarii,
676 3417 804 3484 regum,
819 3393 1029 3482 populorum,
1045 3396 1213 3462 nationum

163 3515 201 3576 27
211 3504 326 3585 portus
341 3504 409 3562 erat
424 3505 458 3562 et
469 3497 638 3585 refugium
654 3507 793 3583 senatus,
804 3499 907 3564 nostri
922 3505 1034 3566 autem
1050 3498 1242 3585 magistra-a

211 3609 265 3666 tus
280 3601 556 3688 imperatoresque
570 3622 612 3667 ox
623 3601 684 3670 hae
698 3624 765 3668 uua
779 3623 814 3669 re
830 3601 1008 3668 maximam
1022 3600 1155 3667 laudern
1171 3623 1215 3665 ca·

211 3726 289 3793 pere
304 3704 490 3788 studebant,
502 3704 531 3769 si
547 3703 742 3790 provincias,
753 3705 781 3770 si
799 3704 903 3772 socios
920 3704 1086 3790 aequitate
1104 3711 1139 3770 et
1153 3703 1217 3769 fide
