2734 4362
412 395 481 446 LIB.
500 395 523 446 1.
559 394 638 446 CAP.
659 397 748 446 12-14.
784 394 800 458 ἐ
816 398 908 449 88-43.
1122 399 1165 470 27

154 543 324 633 pollicitus
339 564 374 610 se
384 565 552 624 venenum
560 545 635 634 rugi
646 545 800 616 daturum
816 553 850 614 et
867 568 945 613 eum
960 553 1164 632 necaturum,

155 655 288 726 senatus
303 655 337 714 et
353 647 390 714 Ο.
407 646 576 732 Fabricius
593 649 769 736 perfugam
785 648 916 736 Pyrrho
931 648 1067 716 dedidit.
1111 651 1166 716 Ita

155 773 200 818 ne
214 751 318 817 bostis
333 749 468 838 quidem
487 759 521 816 et
538 751 684 838 potentis
699 759 733 818 et
748 751 872 818 bollum
888 751 976 832 ultro
991 752 1166 820 inferentis

156 854 332 938 interitum
358 875 434 918 cum
465 853 585 919 scelere
617 855 838 942 approbavit]
883 855 937 920 Ac
966 855 1008 921 de
1041 855 1210 923 bellicisrr

131 956 293 1043 squidem
310 953 425 1022 officiis
440 955 519 1020 satis
536 956 661 1021 dictum
680 963 739 1023 est.
777 955 1037 1024 Meminerimus
1054 966 1165 1024 autem

156 1059 258 1125 etiam
273 1058 432 1124 adversus
446 1057 579 1125 infimos
594 1059 755 1125 iustitiam
770 1081 840 1126 esse
858 1059 1062 1126 servandam
1107 1059 1167 1126 Est

156 1171 267 1228 autem
284 1160 399 1227 infima
413 1162 562 1228 condicio
573 1171 608 1228 et
625 1163 761 1228 fortuna
774 1185 955 1248 servorum,
967 1164 1087 1250 quibus
1098 1184 1165 1230 non

156 1263 243 1330 male
265 1264 473 1354 praecipiunt
494 1265 553 1352 qui
574 1264 622 1330 ita
643 1265 759 1332 iubent
781 1266 842 1350 uti,
858 1272 896 1332 ut
913 1267 1165 1334 mercennariis:

156 1389 291 1454 operam
306 1367 513 1455 exigendam,
525 1367 610 1432 iusta
621 1367 817 1455 praebenda.
857 1367 946 1434 Oum
960 1377 1073 1436 autern
1087 1369 1166 1436 duo·

119 1471 220 1535 rubus
237 1469 353 1552 modis,
372 1469 407 1535 id
430 1477 479 1536 est
501 1478 559 1535 aut
576 1470 611 1534 vi
629 1477 686 1536 aut
704 1470 832 1554 fraude,
850 1469 910 1536 fiat
927 1471 1057 1554 iniuria,
1075 1471 1167 1538 fraus

157 1573 252 1660 qnasi
267 1572 470 1660 vulpeculae,
485 1573 537 1638 vis
551 1571 656 1639 leonis
671 1572 822 1655 videtur3
840 1580 1019 1660 utrumque
1033 1573 1167 1640 bomine

157 1675 405 1758 alienissimum
431 1675 489 1741 sed
514 1674 608 1742 fraus
633 1675 712 1742 odio
741 1674 843 1762 digna
873 1675 1004 1740 maiore.
1050 1673 1167 1742 Totius

157 1785 268 1843 autem
280 1777 463 1843 iniustitiae
477 1777 570 1843 nulla
582 1777 754 1864 capitalior
765 1798 865 1864 quam
877 1797 1002 1862 eorum,
1013 1777 1072 1865 qui
1083 1784 1165 1861 trun,

157 1901 235 1946 cum
257 1880 401 1946 maxime
418 1879 552 1964 fallunt,
571 1880 606 1946 id
623 1887 737 1968 agunt,
756 1888 795 1945 ut
813 1879 876 1944 viri
894 1879 974 1948 boni
991 1901 1060 1947 esso
1078 1879 1167 1945 vide·

120 1991 264 2050 uantur.
309 1983 363 2048 De
378 1982 504 2048 iustitia
518 1983 596 2049 satis
611 1982 748 2048 dictum.
832 2005 833 2010 ¹

160 2147 162 2152 .
200 2084 378 2172 Deinceps,
397 2092 435 2150 ut
453 2092 522 2151 erat
540 2086 757 2173 propositum,
773 2084 815 2150 da
833 2083 1049 2151 beneficentia
1061 2106 1105 2165 ac
1122 2083 1164 2151 de

156 2187 354 2254 liberalitate
371 2187 508 2272 dicatur,
520 2209 586 2274 qua
601 2188 736 2275 quidem
751 2187 836 2253 nihil
848 2196 897 2254 est
912 2195 1048 2254 naturae
1062 2186 1166 2253 horni-

156 2289 1010 2374 nisaccommodatius‚sedhabetmultascantionee.
1040 2289 1167 2356 Viden-

157 2395 239 2460 dum
255 2401 304 2459 est
319 2394 419 2477 enim,
434 2395 581 2481 primurn
600 2415 642 2460 ne
660 2393 746 2460 obsit
764 2393 951 2480 benignitas
968 2401 1002 2458 et
1019 2393 1060 2458 iis
1074 2391 1165 2478 ipsis,

120 2497 279 2583 nequibas
305 2497 449 2584 benigne
475 2497 644 2563 videbitur·
668 2495 751 2579 fieri,
770 2504 805 2562 et
830 2496 958 2578 ceteris,
977 2495 1097 2560 deinde
1123 2515 1166 2560 no

157 2599 262 2665 maior
277 2599 462 2686 benignitas
477 2600 520 2665 sit
535 2621 634 2686 quam
649 2598 833 2680 facultates,
845 2605 919 2662 tum
934 2605 971 2662 ut
983 2619 1043 2683 pro
1058 2596 1166 2681 digni-

157 2711 225 2767 tate
240 2702 360 2788 eurique
376 2703 560 2784 tribnatn1·;
582 2701 617 2766 id
636 2701 725 2765 enim
741 2707 791 2764 est
808 2699 953 2763 iustitiae
971 2697 1166 2762 fundamen·

158 2813 241 2888 tum,
257 2804 298 2870 ad
324 2825 432 2891 quam.
447 2803 528 2870 haec
551 2802 726 2868 referenda
750 2807 828 2866 sunt
853 2800 987 2866 omnia.
1019 2797 1109 2864 Nam
1132 2805 1166 2863 et

157 2907 216 2993 qui
237 2907 465 2993 gratificantur
482 2905 638 2993 cuipiam,
655 2903 746 2991 quod
764 2903 850 2969 obsit
867 2901 927 2985 illi,
943 2901 996 2968 cui
1014 2901 1167 2989 prodesse

121 3034 148 3074 aa
160 3008 246 3074 velle
268 3008 454 3091 uideantur,
473 3029 539 3074 non
560 3006 700 3075 benefici
718 3027 830 3093 neque
844 3005 1004 3088 liberales,
1020 3005 1077 3071 sed
1095 3026 1167 3093 per-

109 3109 115 3116 '
157 3111 274 3178 niciosi
288 3111 512 3177 adsentatores
527 3110 697 3177 iudicandi
716 3117 802 3193 sunt,
819 3116 852 3174 et
870 3108 929 3196 qni
947 3108 1020 3174 aliis
1035 3115 1165 3192 nocent,

156 3223 196 3280 ut
210 3214 245 3278 in
261 3213 341 3280 alius
356 3213 507 3280 liberales
521 3214 598 3298 sint,
614 3214 648 3278 in
664 3213 780 3280 eadem
795 3221 878 3278 ¹sunt
895 3211 1067 3294 iniustitia,
1084 3218 1121 3276 ut
1138 3211 1166 3275 si

155 3319 191 3381 in
208 3337 300 3382 suam
316 3337 387 3382 rem
402 3316 509 3382 aliena
526 3324 744 3383 convertant·
775 3315 863 3382 Sunt
879 3322 990 3382 autern
1009 3313 1117 3397 multi,
1132 3321 1213 3380 et43

156 3419 294 3506 quidem
308 3419 422 3506 cupidi
440 3419 624 3507 splendoris
641 3427 675 3484 et
692 3418 901 3506 gloriaequi
919 3417 1066 3505 eripiunt
1083 3415 1166 3499 aliis,

119 3522 247 3608 acquod
269 3520 342 3586 aliis
364 3521 554 3607 largiantur,
570 3521 661 3608 iique
678 3521 880 3588 arbitrantur
897 3542 932 3587 se
948 3517 1113 3586 beneficos
1130 3519 1166 3584 in

157 3646 235 3690 suos
258 3624 381 3689 amicos
404 3625 513 3690 visum
536 3625 587 3708 iri,
603 3624 631 3689 si
654 3623 858 3710 locupletent
881 3643 938 3690 eos
961 3641 1167 3710 quacumque

157 3727 295 3807 ratione
340 3724 382 3792 ld
408 3733 518 3794 autem
545 3733 676 3793 tantum
691 3726 793 3793 ¹abest
812 3726 858 3792 ‘ab
881 3724 999 3810 officio,
1017 3732 1057 3791 ut
1081 3722 1166 3789 nihil

1170 2047 1215 2116 14

1174 2137 1213 2192 42
