2710 4374
233 413 299 478 138
628 407 682 460 nn
702 407 858 462 ommrs

233 583 311 628 enm
326 559 430 627 altero
444 579 591 646 regnare,
606 557 746 624 fratrem
760 558 940 625 interemit.
984 559 1110 625 Omisit
1131 559 1179 626 hio
1198 566 1224 624 et

233 665 392 752 pietatem
406 671 441 730 et
458 661 710 746 humanitatem,
725 669 765 728 nt
788 662 833 746 id,
849 663 940 749 qnod
961 663 1048 729 utile
1071 663 1226 728 videbatur

234 788 342 855 neque
359 773 438 848 erat,
453 764 582 852 assequi
603 771 724 852 posset,
739 772 774 830 et
791 772 902 831 tamen
925 767 1014 831 muri
1037 787 1165 832 oausam
1184 787 1227 852 op

233 871 355 957 posuit,
373 869 517 958 speciem
533 867 726 934 bonestatis
751 888 815 934 neo
842 868 1052 954 probabilem
1082 890 1143 934 neo
1166 889 1228 933 sana

233 973 397 1039 idoneam.
429 970 587 1038 Peooavit
601 971 714 1058 igitur,
725 991 808 1058 paee
822 970 876 1036 vel
888 971 1024 1048 Quirini
1041 971 1096 1036 vel
1110 970 1227 1036 Romuli
1241 998 1250 1035 r

184 1080 223 1134 42
233 1075 386 1142 dixerim.
429 1073 504 1140 Neo
519 1082 630 1140 tamen
648 1080 781 1140 nostrae
798 1073 894 1140 nobis
910 1074 1077 1140 utilitates
1093 1075 1228 1139 omitten-

232 1178 294 1244 dae
307 1185 386 1244 sunt
399 1176 538 1264 aliisque
553 1175 741 1259 tradendae,
756 1197 832 1242 enm
847 1176 889 1242 iis
914 1176 979 1264 ipsi
1002 1197 1167 1264 egeamus,
1182 1175 1228 1240 sed

231 1301 310 1347 suae
324 1281 445 1368 oniqne
458 1278 608 1362 utilitati,
623 1277 714 1365 quod
728 1278 800 1344 sine
814 1277 949 1345 alterins
962 1279 1091 1344 iniuria
1105 1277 1169 1359 fiat,
1179 1299 1229 1342 ser·

233 1382 393 1450 viandum
410 1389 469 1448 est.
514 1380 604 1447 Seite
622 1380 841 1468 Chrysippus,
857 1388 895 1446 ut
913 1381 1037 1447 multa:
1064 1380 1161 1458 “Qui
1180 1387 1228 1443 sta·

232 1485 358 1570 dium,''
374 1485 494 1573 inquit,
511 1489 531 1522 “
541 1485 655 1566 currit,
667 1484 750 1550 eniti
766 1493 800 1550 et
809 1484 1007 1551 contendere
1022 1485 1134 1566 debet,
1145 1503 1227 1568 quam
1234 1501 1253 1540 rr

231 1609 387 1654 maxume
412 1587 526 1675 possit,
550 1596 589 1652 nt
612 1587 733 1670 vineat,
748 1585 961 1674 supplantare
986 1609 1077 1668 eum,
1102 1605 1227 1672 quocum
1302 1600 1307 1606 ·

231 1699 346 1774 certet,
368 1699 426 1756 ant
451 1710 551 1755 mann
573 1688 740 1776 depellere
761 1689 855 1755 nullo
877 1689 976 1756 modo
998 1690 1118 1771 debet3
1140 1687 1182 1752 sie
1199 1687 1228 1748 iu

231 1794 301 1860 vita
314 1793 378 1860 sibi
392 1813 560 1880 quemquo
574 1800 697 1879 petere,
709 1791 799 1878 quod
814 1792 978 1879 pertineat
990 1793 1031 1858 ad
1052 1812 1156 1874 usum,
1170 1809 1226 1854 non

230 1897 385 1983 iniquum
399 1903 458 1979 est,
474 1894 568 1960 alteri
584 1894 734 1982 deripere
748 1895 801 1960 ins
815 1917 883 1962 non
899 1896 978 1962 est.”

183 2008 221 2064 43
273 1998 433 2066 Maxume
444 2007 556 2064 antem
571 1998 809 2085 perturbantur
823 1997 929 2065 officia
944 1999 979 2063 in
994 1993 1250 2080 amicitiisque

234 2101 293 2168 bns
317 2110 352 2168 et
371 2123 439 2169 non
465 2102 621 2184 tribuere,
648 2100 737 2187 quod
764 2108 854 2167 recte
878 2101 992 2187 possis,
1018 2108 1055 2166 et
1079 2099 1225 2175 tribuere,

230 2204 320 2292 qnod
334 2205 459 2271 nonsit
476 2225 630 2292 aequum,
645 2210 760 2270 eontra
780 2201 925 2268 officium
943 2211 1001 2268 est.
1046 2202 1112 2270 Sed
1133 2199 1218 2265 huius

230 2307 361 2394 generis
382 2307 485 2372 totins
507 2307 666 2373 brevest
690 2327 758 2372 non
780 2305 915 2372 difficile
940 2314 1151 2393 praeceptum
1175 2307 1226 2366 est·

231 2409 325 2487 Quae
334 2408 423 2474 onim
433 2409 591 2475 videntur
602 2408 706 2491 utilia,
718 2407 869 2490 honores,
881 2409 1028 2492 divitiae,
1041 2408 1223 2494 voluptates,

231 2517 339 2578 uetera
352 2511 485 2599 generis
498 2511 658 2593 eiusdem,
673 2511 754 2577 haee
770 2511 935 2576 amicitiae
952 2531 1132 2598 numquam
1150 2513 1249 2572 ante-a

230 2615 384 2704 ponenda
398 2623 486 2681 sunt.
531 2616 582 2679 At
602 2635 711 2701 neque
728 2619 842 2680 eontra
859 2635 929 2679 rem
947 2613 1112 2700 publicam
1129 2627 1223 2694 neque

228 2721 343 2780 ooutra
363 2713 416 2778 ins
436 2712 611 2779 iurandum
634 2736 672 2780 ao
694 2713 795 2780 iidem
817 2713 916 2779 amici
940 2735 1034 2780 cansa
1054 2712 1220 2778 virbonus

228 2815 338 2901 faciet,
354 2838 397 2882 ne
419 2815 447 2881 si
470 2815 570 2882 iudex
588 2816 723 2903 qnidam
746 2816 809 2882 erit
833 2815 875 2881 de
896 2815 969 2902 ipso
992 2815 1115 2896 amieo,
1135 2807 1218 2898 ponit

228 2918 318 2982 enim
346 2939 521 3004 personam
545 2918 652 3000 amici,
676 2940 752 2984 oum
776 2917 886 2983 induit
912 2917 1040 2984 indicis.
1087 2916 1217 2982 Tantum

229 3017 321 3082 dabit
336 3018 509 3101 amicitiae,
524 3025 563 3084 ut
577 3039 689 3084 veram
708 3018 805 3086 amici
830 3040 961 3086 oausam
986 3043 1055 3088 esse
1077 3020 1174 3101 malit,
1187 3020 1244 3080 urs

229 3117 369 3184 orandae
384 3119 452 3185 litis
468 3127 609 3207 tempus,
624 3121 734 3208 quoad
751 3143 812 3208 per
828 3121 917 3209 leges
934 3122 1042 3207 liceat,
1057 3139 1219 3191 aceommo

182 3231 219 3286 44
229 3219 295 3285 det.
340 3220 425 3287 (lum
438 3243 517 3288 vero
532 3225 640 3289 iurato
654 3225 818 3290 sententia
835 3224 975 3291 dicenda
990 3227 1062 3309 erit,
1079 3223 1217 3292 memine-

228 3323 273 3386 rit
298 3321 397 3388 derum
422 3345 457 3390 se
480 3325 637 3392 adhibere
659 3334 788 3410 testem,
804 3326 839 3392 id
861 3336 921 3410 est,
937 3336 975 3394 ut
999 3351 1061 3416 ego
1083 3331 1214 3402 arbitror,
1317 3364 1318 3369 κ

228 3432 373 3491 mentem
389 3447 491 3510 snam,
507 3449 573 3512 qua
591 3427 676 3494 nihil
693 3429 822 3496 homini
839 3430 932 3496 dedit
951 3431 1035 3498 deus
1056 3433 1125 3520 ipse
1144 3425 1216 3496 divi-

228 3528 311 3592 nius.
344 3525 461 3615 Itaque
472 3529 895 3615 praeclarnmamaioribus
907 3535 1093 3620 ,accepimus
1105 3545 1241 3598 morena

226 3629 365 3716 rogandi
386 3631 513 3716 iudicis,
537 3631 565 3697 si
590 3653 667 3698 eum
690 3639 1003 3718 teneremus,‘ouln
1025 3657 1129 3702 sanus
1147 3637 1236 3700 rma

225 3755 356 3801 saonen
373 3757 488 3802 Possm.
520 3733 614 3800 Haeo
629 3736 756 3822 rogatio
767 3737 809 3803 ad
821 3759 859 3804 ea
870 3738 1025 3824 pertinet,
1037 3759 1119 3826 quae
1129 3733 1213 3826 paulo
