2734 4362
216 383 260 450 64
608 379 837 436 nnommra
891 395 895 402 ,
980 391 984 401 ¹

215 557 290 601 rum
308 534 487 602 dicendum
504 539 564 600 est.
608 533 703 600 Haee
723 539 836 599 autem
853 531 990 599 scientia
1011 530 1231 601 eontinentur

215 659 263 721 ea,
281 659 382 726 quam
404 637 523 704 Graeci
549 635 694 714 siscitari
718 635 902 718 nominent,
920 657 989 702 uon
1010 635 1108 719 hanc,
1125 659 1226 724 quam

215 741 472 828 interpretamur
493 739 699 822 modestiam,
716 759 783 825 quo
805 737 849 802 inv
864 738 966 804 verbo
987 739 1108 806 modus
1126 740 1229 824 inest,

217 843 273 914 sed
285 841 343 910 illa
356 851 407 910 est
422 843 559 925 εὐταξία,
571 843 605 908 in
618 863 685 930 qua
698 839 904 928 intellegitur
918 840 1043 907 ordinis
1057 863 1230 908 conseram

217 947 277 1012 tio.
329 945 457 1033 Itaque,
479 954 518 1012 ut
543 945 682 1012 eandem
703 963 765 1010 nos
790 942 985 1009 modestiam
1008 944 1266 1032 appellemus,s

217 1049 265 1114 sic
286 1047 444 1114 definitur
464 1067 485 1114 a
504 1047 632 1130 Stoicis,
645 1054 691 1112 »ut
710 1045 872 1111 modestia
891 1045 935 1110 sit
955 1046 1095 1113 scientia
1116 1069 1230 1114 rerum

218 1171 342 1235 earum,
354 1172 437 1238 quae
455 1159 596 1237 agentur
612 1157 671 1214 aut
687 1147 849 1230 dicentur,
861 1147 933 1214 loco
950 1169 1010 1214 suo
1025 1148 1233 1216 collocanda·

219 1274 306 1318 rum.
348 1251 402 1320 Ita
422 1252 556 1322 videtur
580 1251 696 1320 eedem
719 1250 769 1316 vis
793 1250 920 1318 ordinis
945 1258 980 1316 et
1006 1249 1232 1318 collocationis

220 1355 312 1439 fore;
338 1365 472 1422 namet
498 1353 649 1422 ordinem
670 1354 718 1419 sic
742 1350 926 1419 definiunt:
955 1355 1232 1441 compositionem

221 1481 330 1526 rerum
346 1458 433 1546 aptis
446 1467 481 1524 et
495 1455 747 1525 accommodatis
761 1453 861 1537 locis3
883 1454 993 1522 lecum
1005 1461 1118 1524 autem
1132 1457 1233 1524 actio
1240 1481 1267 1526 ιι

219 1562 272 1630 nis
286 1561 547 1648 oportunitatem
558 1557 719 1645 temporis
732 1579 802 1624 esse
814 1558 948 1636 dicunt;
971 1566 1103 1647 tempus
1116 1567 1234 1628 autem
1366 1560 1367 1563 ’

220 1665 359 1740 actionis
378 1671 583 1750 oportunum
599 1661 726 1728 Graece
746 1662 893 1749 εὐκαιρία,
909 1660 1027 1728 Latine
1043 1663 1234 1750 appellatur

221 1768 357 1835 occasio.
400 1767 456 1832 Sic
474 1765 524 1849 fit,
538 1773 578 1831 ut
599 1765 760 1830 modestia
777 1763 867 1846 haee,
883 1785 983 1851 quam
1003 1765 1051 1830 ita
1071 1767 1233 1854 inter-pre

221 1878 341 1952 tamur,
356 1876 395 1934 ut
412 1869 493 1952 dixi,
508 1867 644 1936 scientia
660 1868 705 1933 sit
722 1867 956 1954 oportunitatis
973 1867 1168 1934 idoneorum
1186 1869 1234 1936 a'd

154 1981 212 2037 143
222 1971 386 2059 agendum
395 1979 594 2058 temporum.
634 1971 699 2038 Sed
709 1979 818 2058 potest
829 1969 1266 2058 eademesseprudeutiaea

221 2072 384 2156 definitio,
395 2073 438 2140 de
452 2094 518 2160 qua
532 2071 696 2160 principio
711 2072 875 2154 diximum
897 2071 960 2138 hoc
974 2079 1084 2139 autem
1101 2073 1173 2160 loco
1186 2074 1232 2140 de

222 2176 447 2244 moderatione
467 2185 501 2242 et
519 2176 737 2262 temperantia
755 2184 790 2240 et
807 2175 923 2240 barum
945 2175 1110 2242 similibus
1125 2177 1233 2242 virtu-

222 2280 312 2346 tibus
333 2279 531 2366 quaerimus.
575 2277 704 2364 Itaque,
719 2299 803 2364 quae
825 2285 920 2343 erant
941 2277 1136 2365 prudentiae
1158 2301 1233 2366 pro

222 2383 303 2470 pria,
315 2403 375 2448 suo
389 2381 461 2448 loco
476 2381 563 2447 dicta
577 2389 674 2463 suut3
696 2401 781 2467 quae
795 2388 905 2445 autem
922 2379 1231 2464 barnmvirtutnin,

222 2486 265 2551 de
286 2483 438 2571 quibus
428 2483 571 2550 iamdiu
592 2483 770 2570 loquimur,
785 2504 869 2570 quae
891 2484 1060 2570 pertinent
1081 2484 1123 2550 ad
1142 2503 1264 2550 verear

222 2589 375 2656 cundiam
394 2595 428 2654 et
444 2585 487 2653 ad
504 2591 619 2653 eorum
637 2585 928 2673 approbationem,
934 2587 1181 2706 quibuscum
1149 2588 1232 2652 vui·

222 2713 306 2775 mus,
318 2713 408 2758 nunc
422 2689 562 2757 dicenda
576 2695 666 2756 sunt.

155 2807 213 2864 144
265 2794 354 2862 Talis
370 2801 422 2861 est
438 2793 542 2881 igitur
558 2791 640 2858 ordo
657 2791 825 2858 actionum
841 2791 1057 2876 adhibendus,
1069 2747 1117 2876 ιιι,
1119 2815 1229 2912 ‘quem

222 2897 442 2964 admodum
433 2919 467 2961 m
484 2895 631 2962 oratione
648 2895 861 2978 constanti,
835 2917 882 2962 sic
899 2897 941 2962 in
950 2896 1020 2962 vita
1037 2897 1150 2962 omnia
1163 2895 1229 2963 siut

222 3007 300 3085 apta
316 2999 404 3064 inter
418 3019 453 3064 se
461 3005 504 3062 et
519 2997 716 3064 convenient
718 2999 766 3080 ia3
788 3007 885 3085 turpe
902 2999 991 3065 enim
1008 2997 1217 3086 valdeque
1183 3021 1259 3065 vna

223 3102 344 3167 tioeum
362 3101 397 3164 in
416 3121 452 3166 re
470 3120 583 3165 severa
603 3101 759 3168 convivio
776 3101 878 3188 digna
900 3110 957 3168 aut
975 3101 1155 3168 delicatum
1175 3103 1229 3169 ali-

223 3225 322 3291 quem
340 3201 465 3268 inferre
482 3209 678 3268 sermonem.
721 3202 814 3270 Beue
832 3203 985 3286 Pericles,
1001 3226 1077 3271 cum
1095 3204 1228 3286 baberet

223 3304 384 3392 collegam
402 3304 436 3370 iu
452 3311 605 3392 praetura
620 3304 817 3392 Sophoclem
833 3313 965 3394 poetam
982 3305 1073 3394 iique
1087 3306 1130 3374 de
1147 3329 1228 3374 com-

223 3407 320 3474 muni
337 3406 444 3473 officio
464 3408 695 3474 convenissent
712 3416 747 3474 et
767 3430 842 3475 casu
860 3408 1024 3474 formosus
1041 3431 1126 3496 puer
1142 3433 1229 3498 prae-

225 3511 339 3578 teriret
356 3509 558 3597 dixissetque
580 3509 777 3598 Sophocles}
801 3510 860 3576 “O
879 3533 1021 3598 puerum
1042 3511 1259 3598 pulchrumm

196 3700 200 3708 .
223 3612 353 3681 Pericle
363 3613 392 3678 !”
438 3613 517 3678 “At
535 3612 626 3678 enim
643 3619 839 3699 praetorem,
855 3611 1030 3700 Sophocle,
1045 3613 1143 3682 decet
1163 3637 1226 3683 non

223 3716 330 3784 solum
355 3727 481 3800 manus,
505 3715 563 3782 sed
587 3716 688 3782 etiam
714 3715 825 3782 oculos
850 3716 1052 3782 abstinentes
1076 3715 1225 3785 habere.”
