2734 4362
399 405 469 457 LIB.
485 404 507 456 1.
543 402 622 454 CAP.
638 402 696 453 4-6.
733 400 748 463 d
764 403 851 453 12-18.
1091 401 1143 470 17*

166 554 322 622 Formam
344 553 479 640 quidem
502 554 617 639 ipsam,
633 549 746 618 Marce
769 550 828 634 fili,
843 559 878 616 et
896 557 1064 638 tamqnam
1084 551 1173 632 far-,5

120 659 208 726 ciem
223 657 358 726 honesti
376 657 479 740 video,
493 659 512 692 “
523 677 606 742 quac
624 656 652 720 si
670 655 774 724 oculis
791 663 990 737 cerneretur,
1002 655 1132 722 mirabi·
1147 655 1184 706 15

120 760 170 828 les
187 759 346 840 amores,''
363 766 401 826 ut
419 759 465 824 ait
484 757 591 840 Plato,
605 759 792 824 “excitaret
809 757 1019 844 sapientiae.’'
1064 758 1130 824 Sed

122 880 233 942 omne,
248 857 338 944 qnod
353 865 403 924 est
420 856 606 939 honesturn,
622 855 658 920 id
675 864 832 950 quattuor
852 857 996 943 partium
1022 858 1128 926 oritur

96 985 166 1034 aex
184 961 311 1048 aliqua:
330 967 387 1026 ant
405 959 495 1024 enim
517 959 553 1022 in
574 958 806 1046 perspicientia
823 959 894 1024 veri
916 959 1127 1050 sollertiaque

122 1071 273 1130 versatur
283 1069 341 1128 ant
352 1062 387 1126 in
401 1061 574 1130 bominum
585 1060 739 1134 societate
751 1061 873 1127 tuenda
884 1062 1128 1154 tribuendoque

122 1188 221 1233 suum
236 1165 354 1252 cuique
372 1172 406 1230 et
424 1186 535 1230 rerum
552 1171 794 1232 contractarum
813 1165 879 1232 lide
896 1175 953 1232 aut
970 1168 1005 1233 in
1024 1171 1127 1236 animi
1142 1197 1145 1202 ·

123 1269 243 1336 excelsi
257 1276 355 1356 atque
370 1267 486 1334 invicti
502 1269 731 1356 magnitudine
748 1291 786 1337 ac
803 1271 920 1338 robore
935 1279 991 1338 aut
1009 1273 1044 1340 in
1060 1297 1127 1341 cm·

123 1375 228 1456 nium,
244 1393 327 1458 quae
342 1371 427 1436 finnt
443 1393 591 1458 quaeque
606 1372 772 1456 dicuntur,
788 1374 903 1440 ordine
918 1383 952 1441 et
968 1377 1075 1461 modo,
1091 1379 1126 1444 iu

85 1498 190 1564 raquo
219 1475 304 1540 inest
332 1473 493 1539 modestia
521 1482 555 1540 et
581 1476 806 1561 temperantia.
852 1477 944 1554 Quae
970 1487 1198 1569 quattuortla)

123 1599 321 1666 quamquam
332 1577 420 1643 inter
430 1599 463 1644 se
473 1576 626 1664 colligata
636 1578 1006 1666 atqneirnplicatasnnt,
1016 1591 1126 1650 tamen

123 1704 166 1748 ex
181 1681 319 1768 cingulis
334 1690 422 1748 certa
438 1680 620 1748 officiorum
635 1704 757 1768 genera
774 1691 963 1768 nascuntur,
979 1685 1071 1752 velut
1085 1710 1126 1754 ex

123 1807 162 1851 ea
176 1793 279 1872 parte,
295 1806 379 1870 qnae
394 1785 502 1872 prima
516 1784 673 1872 discripta
687 1793 745 1868 est,
758 1785 793 1849 iu
808 1807 874 1872 qua
887 1788 1081 1875 sapientiam
1093 1800 1128 1856 et

123 1888 333 1976 prudentiam
359 1888 523 1976 ponimus,
546 1887 633 1955 ineat
658 1889 827 1977 indagatio
852 1899 952 1978 atque
976 1893 1126 1961 inventio

86 1993 204 2076 reveri,
230 1993 366 2080 eiusque
391 1993 525 2058 virtutis
550 1993 612 2060 hoc
635 2015 757 2060 munus
780 2001 829 2060 est
851 1997 1032 2084 proprium.
1077 1997 1173 2065 Utlo

123 2097 213 2162 enim
223 2096 363 2184 quisquc
375 2096 517 2162 maxime
528 2096 694 2183 perspicit,
703 2097 784 2184 qnid
795 2098 830 2164 in
841 2121 877 2165 rc
889 2121 1018 2188 quaque
1030 2103 1127 2168 veris

122 2201 244 2268 simum
258 2200 311 2284 sit,
328 2200 652 2289 quique'acntiseimc
667 2207 700 2266 et
718 2201 886 2268 celerrime
903 2212 1011 2290 potest
1030 2213 1063 2270 et
1081 2206 1127 2269 vi-

123 2305 202 2372 dere
216 2312 250 2373 et
265 2305 427 2393 explicare
442 2305 613 2389 rationem,
625 2305 653 2372 is
664 2307 940 2394 prudentissimus
951 2316 985 2374 ct
1000 2309 1127 2396 sapien-

123 2407 268 2474 tissimus
282 2407 346 2474 rite
360 2407 473 2474 haberi
487 2407 579 2474 solet.
613 2408 775 2486 Quocirca
789 2409 865 2476 hnic
877 2411 969 2498 quasi
982 2412 1126 2495 materia,

86 2533 224 2598 acquam
247 2519 363 2578 tractet
387 2520 421 2578 ct
442 2513 478 2578 in
500 2535 565 2600 qua
587 2521 746 2596 versetur,
762 2514 909 2580 subiecta
932 2523 981 2580 est
996 2516 1125 2580 veritas.

124 2613 275 2702 Reliquis
290 2624 399 2682 autern
416 2617 521 2683 tribus
533 2617 711 2682 virtutibus
722 2618 928 2682 necessitates
939 2618 1126 2704 propositae
1136 2623 1173 2683 17

124 2725 202 2782 suut
216 2718 257 2784 cd
272 2739 325 2784 eas
339 2741 391 2786 res
406 2720 565 2806 parandas
579 2719 793 2805 tuendasque,
806 2721 927 2805 quibus
941 2719 1027 2784 actio
1038 2719 1127 2783 vitae
1215 2775 1218 2781 ,

124 2820 323 2906 continetur,
338 2831 425 2890 utet
443 2825 580 2890 societas
597 2823 771 2889 hominnm
789 2822 1043 2908 coniunctioque
1065 2841 1127 2886 ser-

124 2931 223 2990 vetur
236 2933 270 2991 ct
283 2927 387 2992 animi
398 2927 593 2994 excelle-ntia
602 2925 861 3014 magnitudoque
873 2947 948 2992 cnm
963 2925 998 2990 in
1008 2945 1127 3013 angen-

87 3025 176 3090 aadis
191 3028 307 3115 opibus
322 3031 587 3118 utilitatibusque
605 3037 638 3096 et
660 3029 722 3095 sibi
745 3037 778 3095 et
799 3029 866 3096 suis
888 3028 1125 3118 comparandis,

125 3135 197 3194 turn
209 3132 314 3198 multo
327 3134 432 3222 magis
443 3135 477 3198 in
491 3134 541 3198 his
552 3134 631 3221 ipsis
640 3133 857 3220 despiciendis
866 3132 1001 3200 eluceat.
1015 3156 1018 3160 ·
1034 3132 1126 3198 Ordo

123 3230 205 3298 item
221 3241 254 3298 et
269 3237 452 3306 constantia
467 3236 697 3303 et·mcderatio
712 3244 746 3302 et
763 3259 809 3320 ea,
822 3258 906 3324 quae
923 3243 1001 3302 sunt
1018 3235 1069 3300 his
1087 3236 1127 3300 si-

123 3334 224 3418 milia,
240 3346 413 3404 versantur
427 3339 461 3403 in
480 3361 520 3404 eo
542 3361 678 3425 genere,
695 3339 737 3406 ad
758 3340 848 3427 quod
870 3347 920 3405 cst
942 3339 1127 3406 adhibenda

72 3519 75 3524 Ι
122 3437 208 3502 actio
230 3440 403 3525 quaedam,
418 3462 484 3505 non
507 3441 613 3507 solum
636 3443 756 3507 mentis
778 3443 923 3530 agitatio.
968 3441 1015 3508 Iis
1037 3443 1126 3508 enirn

88 3539 230 3623 corebus,
245 3562 330 3627 quac
346 3551 528 3635 tractantur
542 3545 583 3608 in
593 3546 672 3628 vita,
687 3545 821 3611 modum
838 3546 1003 3634 quendam
1026 3552 1060 3612 et
1078 3567 1127 3611 or·

121 3641 235 3707 dinem
251 3645 445 3712 adhibentes
462 3646 666 3714 honestatem
682 3655 716 3714 et
734 3649 832 3732 decus
850 3649 1124 3715 conservabimus.
1144 3695 1165 3762 ⁶

164 3743 218 3810 Ex
240 3755 396 3833 quattuor
413 3759 522 3816 utitem
545 3749 633 3834 loeis,
656 3751 692 3816 in
714 3760 796 3838 qnos
821 3751 951 3818 honesti
975 3759 1123 3817 naturam
1137 3787 1173 3839 18
