2710 4374
412 417 482 469 LIB.
499 417 535 468 11.
572 417 651 468 CAP.
667 419 706 481 22,
724 419 764 468 23.
801 415 918 480 §tt-82.
1103 417 1164 481 111

155 564 293 654 tyranni
319 567 498 632 existerent
526 575 560 632 et
589 576 777 654 optumates
804 568 1105 634 exterminarentur
1132 575 1166 633 et

155 669 415 757 praeclarissimo
437 671 616 736 constituta
637 692 690 736 res
711 670 843 757 publicu
865 671 1083 752 dilaberetur3
1105 691 1166 736 nec

154 795 237 838 vero
254 772 361 838 solum
380 773 451 860 ipsa
468 773 597 856 cecidit,
617 773 673 839 sed
696 774 796 838 etiam
815 773 974 860 reliquam
993 774 1166 840 Graeciam

155 875 279 942 evertit
294 876 547 963 contagionibus
566 875 737 959 malorum,
752 897 836 962 quae
857 899 877 942 a
899 876 1167 944 lacedaemoniis

128 978 325 1065 sprofectae
349 987 525 1044 manarunt
550 978 656 1044 latius.
702 978 813 1056 Quidl
835 986 964 1045 nostros
990 977 1165 1062 Gracchos,

156 1080 211 1148 Ti.
228 1080 369 1147 Gracchi
386 1082 508 1146 summi
526 1081 591 1146 viri
609 1081 704 1165 filios,
720 1081 875 1148 Africani
893 1090 1039 1169 nepotes,
1055 1102 1166 1148 noune

156 1183 303 1270 agrariae
329 1184 558 1250 contentiones
584 1185 821 1272 perdideruntl
864 1187 915 1250 At
936 1207 1015 1250 vero
1042 1186 1166 1250 Aratus
1176 1194 1210 1248 81

157 1285 335 1372 Sicyonius
360 1287 432 1352 iure
457 1286 620 1370 laudatur,
643 1288 711 1374 qui,
734 1309 811 1353 curn
837 1287 907 1353 eius
933 1288 1050 1353 civitas
1072 1287 1166 1372 quin·

157 1389 319 1476 quaginta
338 1410 442 1456 annos
461 1412 481 1455 a
499 1391 649 1477 tyrannis
672 1398 850 1472 teneretur,
872 1389 1042 1477 proiectus
1063 1390 1166 1475 Argis

114 1512 150 1554 xo
158 1493 336 1579 Sicyonem
352 1492 554 1560 clandestino
565 1494 705 1560 introitu
720 1494 802 1559 urbe
814 1500 863 1558 est
874 1493 1010 1578 potitus,
1023 1511 1166 1576 cumque

158 1603 339 1682 tyranuum
360 1593 532 1662 Nicoclem
553 1596 734 1683 improviso
756 1594 979 1681 oppressisset,
1003 1601 1166 1659 sescentos

158 1698 297 1780 exsules,
320 1697 379 1783 qui
401 1697 651 1784 locupletissimi
672 1697 807 1763 fueraut
823 1698 894 1762 eius
911 1697 1064 1778 civitatis,
1077 1696 1166 1760 resti·

158 1802 226 1866 tuit
240 1821 376 1887 rem-quc
391 1800 555 1886 publicam
572 1801 719 1866 adventu
734 1821 793 1865 sno
804 1800 967 1866 liberavit.
1007 1799 1074 1866 Sed
1089 1821 1166 1864 cum

159 1925 314 1989 magnam
345 1903 622 1970 animaduerteret
651 1903 687 1968 in
720 1903 815 1968 bouis
843 1911 878 1968 et
909 1902 1166 1989 possessionibus

118 2005 399 2089 asdifficultatem,
415 2006 505 2093 quod
527 2015 562 2072 et
584 2028 649 2090 eos,
672 2027 755 2092 quos
776 2006 847 2093 ipse
868 2006 1065 2090 restituerat,
1088 2027 1166 2092 quo

158 2131 235 2174 rum
252 2109 337 2174 bona
351 2109 407 2174 alii
425 2109 646 2196 possederant,
662 2130 758 2195 egere
773 2108 1015 2194 iniquissimum
1030 2130 1100 2175 esse
1117 2129 1167 2174 ar-

158 2213 345 2278 bitrabatur
366 2219 400 2277 et
422 2213 663 2299 quinquaginta
685 2233 847 2277 annorum
866 2213 1082 2299 possessiones
1100 2233 1167 2277 mo·

159 2317 234 2382 veri
256 2315 442 2392 nounirnis
459 2335 600 2401 aequum
618 2315 764 2401 putabat,
789 2323 962 2402 propterea
987 2315 1076 2401 qnod
1098 2323 1167 2379 tam
1220 2379 1223 2384 .

159 2417 264 2505 longo
286 2417 392 2504 spatio
415 2417 520 2482 multa
537 2417 783 2499 hereditatibus,
806 2417 911 2482 multa
933 2417 1166 2511 emptionibus,

122 2520 269 2586 asmulta
290 2521 424 2586 dotibus
445 2521 643 2586 tenebantur
664 2521 734 2585 sino
749 2519 877 2600 iniuria,
890 2518 1049 2583 iudicavit
1061 2539 1168 2604 neque

160 2623 230 2689 illis
247 2623 350 2688 adimi
367 2645 427 2690 nee
445 2623 486 2688 iis
503 2645 570 2688 non
588 2622 763 2704 satisfieri,
783 2642 924 2706 quorum
947 2619 1005 2685 illa
1025 2619 1168 2702 fueraut,

160 2733 324 2813 oportere.
369 2725 455 2792 (lum
474 2726 577 2812 igitur
592 2725 756 2792 statuisset
772 2743 855 2809 opus
869 2743 937 2787 esse
951 2721 992 2786 ad
1008 2741 1079 2786 eam
1098 2743 1166 2786 rem
1179 2733 1217 2788 82

161 2828 427 2895 constituendam
440 2829 588 2916 pecunia,
601 2826 845 2894 Alexandream
858 2846 892 2890 se
907 2822 1069 2910 proficisci
1085 2823 1170 2890 velle

162 2931 250 2996 dixit
279 2952 415 3017 remque
437 2933 600 3017 integram
623 2929 664 2996 ad
687 2928 831 2994 reditum
853 2948 950 2993 suurn
973 2926 1068 2992 iussit
1089 2947 1169 3010 esse,

126 3032 258 3120 arisque
270 3032 419 3102 celeriter
432 3033 474 3099 ad
489 3033 730 3115 Ptolomaeum,
749 3052 845 3096 suum
866 3029 1042 3118 hospitem,
1067 3030 1168 3114 venit,

163 3136 224 3223 qui
248 3143 320 3200 tum
345 3136 505 3223 regnabat
524 3135 609 3200 alter
629 3141 704 3221 post
725 3133 969 3199 Alexandream
992 3133 1169 3200 conditam.

165 3237 231 3305 Oui
248 3259 324 3304 cum
342 3238 546 3324 exposuisset
561 3238 700 3324 patriam
718 3257 752 3302 se
769 3236 907 3302 liberare
925 3236 1012 3303 velle
1029 3259 1171 3304 causam·

164 3362 231 3429 que
248 3339 421 3423 docuisset,
439 3361 554 3426 aroge
572 3339 730 3427 opulento
748 3339 799 3403 vir
821 3361 970 3404 summus
991 3339 1090 3406 facile
1112 3341 1171 3405 im·

164 3443 319 3530 patravit,
337 3450 376 3507 ut
398 3443 517 3530 grandi
534 3443 674 3530 pecunia
695 3442 916 3508 adiuvaretur.
962 3441 1071 3520 Quam
1094 3466 1170 3509 cum

128 3570 155 3610 au
166 3547 343 3633 Sicyonem
359 3545 532 3628 attulisset,
548 3545 698 3611 adhibuit
712 3545 776 3610 sibi
790 3545 825 3610 in
841 3544 1013 3610 eonsilium
1037 3546 1172 3632 quinde

164 3651 231 3717 cim
243 3649 418 3736 principes,
429 3672 504 3715 curu
516 3650 636 3736 quibus
647 3669 758 3714 causas
769 3648 923 3734 cognovit
934 3655 968 3713 et
980 3670 1104 3729 eorum,
1114 3649 1172 3733 qui

164 3751 274 3819 aliena
288 3752 456 3836 tenebant,
472 3759 506 3818 et
524 3773 648 3835 eorum,
664 3751 723 3837 qui
740 3771 798 3816 sua
820 3750 1005 3832 amiserant,
1021 3749 1173 3836 perfecit·
