2710 4374
416 393 485 442 LIB.
505 393 559 443 111.
593 390 673 444 CAP.
693 395 734 455 11,
751 396 791 444 12.
827 391 842 454 ἐ
860 395 951 445 47-52.
1126 397 1188 468 141

174 541 509 608 animadvertendum
526 542 579 624 sit,
595 549 801 629 repugnetne
818 540 917 628 plane
935 560 975 607 sn
994 543 1098 631 possit
1113 565 1189 612 curu

73 721 77 728 ⁴
174 645 349 712 honestate
364 645 532 732 coniungi.
565 643 647 710 Eius
660 645 792 732 generis
806 643 867 709 hae
878 653 956 710 sn'nt
967 647 1189 732 quaestiones:

176 748 210 832 si,
221 747 372 834 exempli.
382 747 488 834 gratia
507 747 559 810 vir
577 747 683 812 bonus
697 745 909 829 Alexandrea
923 745 1083 814 Rhodum
1102 770 1190 837 mag·

176 872 260 914 num
274 849 438 932 frumeuti
461 869 636 913 numerum
660 848 831 914 advexerit
852 849 886 913 in
910 848 1120 916 Rhodiorum
1143 852 1190 916 in·

152 952 256 1039 copia
270 959 304 1017 et
318 951 409 1017 fame
424 971 618 1038 summaque
636 971 786 1016 annonae
801 951 944 1035 caritate,
960 953 988 1018 si
1003 953 1091 1020 idem
1108 953 1190 1019 scist

178 1054 366 1141 complures
383 1061 578 1119 mercatores
594 1048 805 1120 Alexandrea
822 1054 957 1120 solvisse
974 1077 1139 1144 navesque
1153 1057 1187 1122 io

177 1178 278 1222 cursu
292 1156 465 1221 frumento
475 1164 615 1221 onustus
632 1164 784 1243 petentes
802 1156 961 1222 Rhodum
977 1158 1110 1242 viderit,
1125 1159 1190 1226 dic·

177 1269 318 1330 turusne
332 1260 376 1324 sit
390 1259 426 1324 id
443 1258 585 1324 Rhodiis
599 1280 640 1323 an
659 1257 792 1324 silentio
809 1280 906 1324 suum
924 1281 1024 1346 qnam
1041 1261 1187 1348 plnrimo

178 1363 387 1442 venditurus,
432 1362 624 1449 Sapientem
639 1370 673 1427 et
688 1362 813 1428 bonum
828 1362 938 1427 virum
956 1362 1129 1450 fingimus3
1147 1364 1190 1430 ds

138 1466 251 1532 roeius
270 1464 506 1531 deliberatione
519 1472 555 1529 et
566 1463 807 1530 consultatione
822 1465 1020 1551 quaerimus
1036 1466 1095 1552 qni
1110 1464 1190 1530 cela·

177 1578 276 1634 turns
291 1567 442 1633 Rhodios
457 1589 523 1633 uon
542 1567 596 1650 eit,
611 1567 638 1631 si
656 1557 697 1632 id‘
710 1575 808 1653 turpe
826 1566 959 1648 iudicet,
974 1567 1032 1632 sed
1050 1567 1189 1651 dubitet,

177 1693 221 1740 sn
239 1680 336 1757 turpe
352 1691 419 1736 non
434 1670 487 1734 sit.
532 1668 573 1735 In
590 1669 688 1734 huius
706 1659 798 1734 modi
816 1669 919 1735 causis
936 1669 1026 1734 aliud
1044 1669 1189 1757 Diogeni
1200 1683 1236 1737 51

178 1773 366 1859 Babylonio
392 1773 497 1838 videri
520 1771 614 1855 solet,
637 1794 758 1859 magno
780 1781 815 1838 ct
836 1772 930 1859 gravi
953 1771 1076 1856 Stoico,
1098 1773 1188 1839 aliud

182 1877 375 1963 Antipatro,
398 1875 559 1964 discipulo
585 1876 665 1958 eins,
691 1875 820 1942 homini
848 1875 1045 1942 acutissimo.
1091 1877 1190 1942 Anti·

141 1987 277 2067 1npatrc
296 1980 409 2061 omnia
433 1978 672 2066 patefacienda,
687 1986 726 2044 ut
751 2000 795 2044 ne
819 1978 900 2064 qnid
926 1979 1073 2063 omnino,
1099 1980 1190 2067 quod

181 2083 339 2149 venditor
362 2083 461 2165 norit,
484 2090 616 2169 emptor
636 2082 777 2168 ignoret,
802 2081 947 2169 Diogeni
972 2083 1190 2167 venditorem,

180 2195 345 2273 quatenns
361 2186 433 2252 inre
450 2184 541 2252 civili
563 2185 781 2251 constitutum
799 2185 852 2268 sit,
870 2185 979 2252 dicere
997 2187 1079 2252 vitia
1097 2209 1190 2273 opor·-

179 2298 261 2370 tere‚
273 2296 381 2354 cetera
394 2288 466 2354 sine
480 2287 609 2353 insidiis
623 2309 721 2372 agere
732 2295 775 2370 et,
787 2288 946 2374 qnoniam
960 2289 1091 2372 vendat,
1103 2289 1190 2354 velle

179 2391 589 2479 quamoptnmevendere.
625 2389 1191 2478 “Advcxi,exposni‚vendomeunt.

142 2517 249 2563 aunon
271 2493 377 2582 pluris
398 2515 499 2580 quam
525 2493 636 2576 ceteri,
657 2493 796 2559 fortasse
819 2494 920 2559 etiarn
946 2493 1092 2571 minoris,
1114 2516 1187 2558 curn

179 2598 287 2682 maior
315 2604 365 2662 est
389 2596 512 2683 copia
537 2595 602 2662 Oui
628 2593 668 2660 fit
692 2595 814 2660 iniuria
825 2594 858 2660 l''
903 2593 1063 2660 Exoritur
1091 2594 1236 2664 Anti-52

180 2699 367 2786 patri-ratio
382 2721 423 2764 ex
438 2698 540 2765 altera
554 2707 666 2786 parte:
691 2703 710 2744 ‘⁴
723 2697 814 2776 Quid
837 2697 905 2762 nist
920 2705 965 2768 ¹tu
989 2715 1063 2768 curn
1086 2694 1190 2761 homi·

181 2803 280 2868 nibus
308 2801 478 2884 consulere
503 2801 622 2867 debeas
647 2807 682 2866 et
702 2799 827 2866 serviro
853 2798 1017 2863 hnmanae
1043 2797 1189 2864 societati

181 2925 286 2990 eaque
311 2904 385 2990 lege
407 2911 507 2984 natus
531 2903 575 2968 sis
600 2909 635 2969 ot
656 2923 695 2968 ea
717 2902 835 2967 habeas
857 2899 1020 2988 principia
1042 2907 1187 2984 naturae,

144 3007 303 3093 soquibus
317 3027 432 3092 parere
445 3014 479 3071 et
494 3027 578 3092 qnae
593 3005 685 3092 sequi
700 3004 830 3086 debeas,
842 3011 880 3070 ut
891 3002 1016 3068 utilitas
1032 3009 1088 3068 tna
1103 3024 1190 3070 corn-

182 3109 350 3176 munis-sit
362 3108 488 3174 utilitas
498 3107 708 3194 vicissimque
722 3106 908 3185 communis
919 3105 1045 3172 utilitas
1063 3116 1120 3172 tna
1134 3107 1187 3190 sit,

181 3212 304 3278 celabis
318 3211 478 3294 homines,
491 3211 572 3298 quid
587 3211 629 3276 iis
639 3210 724 3275 adsit
735 3209 977 3277 commoditatis
989 3221 1022 3276 et
1033 3210 1187 3298 copiael’'

181 3314 411 3401 Respondebit
425 3313 598 3401 Diogenes
615 3312 753 3379 fortasse
771 3313 835 3386 sic:
852 3312 988 3378 “Aliud
1006 3320 1055 3383 est
1072 3312 1187 3396 celare,

180 3417 273 3483 aliud
288 3425 415 3502 tacere3
437 3438 545 3503 neque
560 3437 621 3502 ego
636 3435 726 3482 nunc
741 3423 775 3481 te
793 3415 873 3499 cele,
892 3417 920 3482 si
939 3416 999 3482 tibi
1018 3438 1085 3482 uon
1103 3417 1187 3498 dico,

144 3540 267 3607 acquae
289 3529 406 3585 nutura
428 3520 565 3586 deornm
587 3519 640 3601 sit,
656 3519 715 3604 qui
737 3519 780 3584 sit
802 3519 879 3586 finis
904 3520 1078 3602 bonorum,
1103 3541 1188 3605 quse

179 3623 245 3688 tibi
269 3622 344 3709 plns
367 3622 559 3707 prodessent
580 3623 713 3706 cognita
734 3642 833 3708 quam
855 3621 959 3688 tritici
981 3621 1109 3702 vilitas3
1131 3621 1186 3686 sed

181 3745 262 3808 uon,
279 3724 440 3812 quicquid
461 3723 524 3790 tibi
546 3723 661 3789 audire
683 3723 765 3792 utile
782 3730 842 3808 cst,
865 3725 953 3792 idern
976 3724 1059 3799 mibi
1081 3723 1189 3796 dicere
