2734 4362
208 347 251 413 33
461 381 464 388 .
599 337 650 390 Du
670 335 825 392 Officiis

207 489 406 579 respublica
423 496 492 574 est3
513 510 575 558 nac
589 489 679 557 enirn
694 487 791 556 aliter
804 495 863 556 aut
876 487 948 576 regi
963 487 1078 554 civitas
1092 493 1150 554 ant
1164 487 1221 554 de·

208 593 323 662 clarari
340 593 441 660 animi
458 592 653 680 magnitudo
670 599 789 680 potest.
835 589 1090 678 capessentibus
1107 599 1219 658 antem

207 696 456 784 rempublicam
467 695 572 762 nihilo
587 695 698 760 minus
713 715 812 782 quam
824 693 1041 782 philosophis,
1051 694 1141 760 haud
1153 695 1220 760 scio
1332 723 1333 726 ¹

208 822 249 866 an
269 799 375 888 magis
396 799 496 866 etiarn
518 805 553 864 et
569 796 818 886 magnificentia
838 807 873 864 et
891 797 1109 885 despicientia
1131 798 1221 864 adhi·
1331 803 1333 884 j

208 904 316 970 benda
330 909 380 968 est
395 923 504 967 rerum
518 901 747 985 humanarum,
759 923 859 988 quum
875 921 972 988 saepe
987 901 1072 985 dico,
1084 909 1119 966 et
1133 909 1220 966 tran·
1238 924 1251 963 s
1331 927 1332 978 1

208 1005 355 1093 quillitas
373 1004 474 1070 animi
493 1012 592 1090 atque
612 1003 778 1086 securitas,
793 1003 959 1090 siquidem
977 1023 1040 1070 nec
1058 1004 1148 1069 anxii
1167 1003 1220 1068 fu·
1331 993 1332 1000 '

162 1113 199 1174 73
210 1107 275 1176 turi
287 1115 365 1172 sunt
375 1113 410 1171 et
424 1127 500 1172 cum
515 1105 678 1194 gravitate
688 1106 938 1192 constantiaque
949 1105 1080 1174 victuri.
1125 1105 1220 1183 Quae

208 1208 358 1276 faciliora
379 1215 456 1274 sunt
474 1207 688 1296 philosophis,
705 1229 772 1295 quo
794 1208 905 1276 minus
928 1209 1033 1276 multa
1049 1216 1165 1296 patent
1182 1209 1218 1272 in

209 1331 325 1378 eorum
348 1311 425 1393 vita,
440 1332 525 1398 quae
546 1310 682 1378 fortuna
703 1311 813 1395 feriat,
828 1319 864 1377 et
881 1333 948 1400 qno
971 1312 1082 1376 minus
1103 1310 1220 1376 multis

209 1413 307 1482 rebus
326 1422 436 1502 egent,
451 1421 486 1480 et
503 1413 591 1502 qnia,
605 1415 633 1480 si
651 1414 733 1502 qnid
751 1414 882 1481 adversi
902 1415 1044 1498 eveniat,
1059 1421 1128 1480 tam
1149 1435 1251 1501 gran

210 1517 297 1585 viter
321 1517 436 1585 cadere
461 1538 528 1584 non
554 1525 701 1604 possunt
746 1517 911 1595 Quocirca
935 1539 1003 1584 non
1028 1516 1221 1583 sine-causa

209 1621 349 1688 maiores
359 1627 469 1688 motus
482 1619 667 1688 animorum
684 1620 892 1686 concitantur
903 1621 1090 1706 maioraque
1105 1618 1221 1686 studio

209 1724 373 1790 efficiendi
392 1721 648 1809 rempublicam
669 1724 863 1810 gerentibus
878 1744 983 1810 quarn
1005 1722 1220 1810 quietisque

210 1825 371 1913 mugistis
386 1831 420 1890 et
435 1823 631 1912 magnitudo
646 1833 696 1892 est
710 1825 813 1892 animi
828 1824 1015 1892 adhibenda
1029 1832 1063 1890 et
1075 1827 1220 1892 vacuitas

210 1927 252 1994 ab
274 1926 461 2014 angoribus.
506 1927 564 1993 Ad
580 1949 652 1994 rem
672 1929 850 2014 gerendam
872 1935 983 1994 auteur
1002 1927 1062 2015 qui
1083 1928 1219 2012 accedit,
1227 1947 1251 1987 1⁵

211 2037 334 2112 caveat,
348 2049 389 2095 ne
404 2029 439 2095 id
451 2029 550 2096 modo
565 2031 760 2114 consideret,
770 2053 870 2118 quarn
881 2030 938 2096 illa
952 2051 1004 2097 res
1015 2030 1154 2098 honesta
1167 2032 1219 2114 sit,

211 2132 269 2200 sed
287 2131 386 2198 etiarn
405 2139 442 2198 nt
459 2131 579 2200 habeat
596 2132 759 2200 officiendi
777 2133 989 2217 facultatem3
1011 2133 1046 2199 in
1065 2156 1133 2222 qno
1150 2135 1220 2222 ipso

212 2234 484 2304 considerandum
513 2242 573 2320 est,
597 2257 640 2302 ne
668 2244 727 2302 aut
754 2243 878 2304 temere
906 2237 1058 2326 desperet
1086 2245 1221 2325 propter

212 2335 380 2425 ignaviam
397 2344 455 2402 aut
472 2337 571 2404 nimis
588 2337 733 2404 confidat
752 2346 888 2427 propter
909 2340 1135 2427 cupiditatem.
1178 2338 1218 2404 In

213 2440 367 2506 omnibns
388 2447 499 2506 autem
517 2441 669 2527 nogotiis,
684 2441 778 2528 prins
794 2463 893 2528 quam
916 2442 1117 2529 adgrediare,
1132 2441 1250 2508 adli-a

213 2542 320 2610 benda
334 2549 384 2610 est
399 2543 605 2630 praeparatio
620 2543 773 2630 diligens.

165 2621 217 2720 ²²,
258 2645 323 2713 Sed
349 2668 426 2714 curn
448 2646 599 2734 plerique
623 2647 826 2714 arbitrentur
851 2669 904 2714 res
925 2647 1057 2714 bellicas
1083 2649 1220 2716 maiores

166 2707 282 2818 74esse
299 2772 398 2838 quarn
416 2750 566 2832 urbanas,
581 2749 763 2816 minuenda
784 2757 834 2816 est
851 2749 931 2816 haec
952 2749 1076 2837 opinio.
1120 2751 1219 2818 Multi

212 2853 302 2918 enim
321 2853 407 2920 bella
427 2873 523 2938 saepe
545 2851 780 2939 quaesiverunt
797 2861 933 2940 propter
954 2853 1079 2940 gloriae
1100 2855 1219 2942 cupidi·

213 2960 325 3035 tatem,
335 2964 435 3039 atqua
445 2953 480 3018 id
493 2953 528 3017 in
540 2954 670 3040 magnis
680 2955 799 3020 animis
810 2955 1018 3043 ingeniisque
1027 2956 1248 3044 plerumqueu

213 3053 388 3138 contingit,
404 3073 510 3140 eoque
527 3057 642 3142 magis,
658 3056 687 3122 si
707 3064 785 3124 sunt
804 3057 846 3123 ad
864 3079 935 3123 rem
954 3058 1135 3125 militarem
1154 3060 1219 3146 apti

213 3161 248 3221 et
259 3154 372 3241 cupidi
384 3153 544 3221 bellorum
556 3157 797 3243 gerendorum
816 3181 893 3225 vere
908 3167 1018 3226 autem
1031 3161 1059 3226 si
1070 3161 1219 3227 volumus

213 3257 369 3341 indicare,
384 3257 510 3324 multae
526 3281 578 3326 res
595 3261 778 3328 extiterunt
795 3262 939 3329 urbanae
956 3263 1096 3329 maiores
1113 3263 1219 3332 clario

167 3371 333 3448 laresque
357 3382 458 3448 qnam
485 3361 630 3430 bellicae.
683 3363 844 3443 Quamvis
869 3365 959 3431 enim
986 3365 1219 3434 Themistocles

214 3465 287 3530 iure
302 3463 454 3530 laudetur
468 3473 502 3530 et
516 3465 559 3532 sit
574 3467 645 3532 eins
660 3489 780 3533 nornen
796 3489 896 3555 quam
909 3467 1040 3535 Solonis
1054 3468 1248 3534 inlustrinsa
1331 3461 1333 3542 l

215 3569 400 3656 citcturque
416 3567 554 3635 Salamis
571 3568 768 3637 clarissimae
786 3572 879 3637 testis
894 3573 1059 3655 victoriae,
1071 3591 1155 3658 qnae
1171 3593 1219 3637 an·
1332 3575 1333 3632 l

215 3679 392 3762 teponatur
417 3671 553 3740 consilio
576 3671 706 3739 Solonis
731 3673 772 3756 ei,
791 3695 858 3760 quo
879 3674 1026 3761 primum
1052 3675 1219 3741 constitnit
1332 3659 1333 3744 l
