2734 4362
213 362 257 424 48
604 355 656 407 nu
677 352 832 408 ommno
867 381 871 389 -

215 507 274 576 ced
294 505 396 574 etium
413 502 550 573 omuino
567 501 727 571 dissoluti.
771 495 832 570 Est
848 493 970 585 autem,
986 503 1076 591 quod
1094 503 1229 570 differat

215 608 444 676 inhominem
465 607 594 674 ratione
615 605 766 673 habenda
786 605 876 672 iuter
897 607 1059 672 iustitiam
1081 613 1117 672 et
1138 628 1228 671 vere·

217 711 382 780 cundiam.
427 709 580 778 Iustitiae
597 717 706 797 partes
727 715 805 774 euut
827 729 893 776 non
917 707 1042 774 violare
1064 707 1228 790 homiues,
1276 734 1278 741 ’

217 813 435 882 verecundiae
456 833 523 879 nou
546 809 735 893 offendere3
757 809 791 874 in
815 830 883 896 quo
904 831 1059 876 maxume
1080 810 1134 876 via
1160 831 1231 897 per-

218 917 356 1004 spicitur
370 915 490 982 decori.
528 913 593 980 His
606 913 712 1001 igitur
725 914 894 1000 expositis,
906 913 1003 1001 quale
1016 913 1061 979 sit
1075 913 1124 998 id,
1140 914 1231 1000 quod
1250 933 1263 972 r

218 1019 335 1085 decere
350 1017 501 1100 dicimus,
516 1015 723 1083 intellectum
739 1025 831 1103 puto.

153 1137 211 1192 100
264 1119 421 1186 Officium
443 1128 565 1203 autem,
581 1117 670 1206 quod
692 1118 734 1184 ab
755 1139 796 1184 eo
809 1117 959 1200 docitur,
974 1118 1060 1184 hauc
1082 1119 1233 1206 primum

220 1222 321 1289 habet
347 1221 445 1305 viam,
461 1243 546 1310 quae
574 1221 720 1310 deducit*
737 1221 779 1286 ad
809 1221 1074 1287 convenientiam
1105 1231 1235 1288 consen·

220 1326 455 1412 rationemque
470 1333 625 1407 naturae;
643 1323 781 1412 quernei
800 1341 977 1410 sequemur
991 1323 1123 1407 ducem,
1140 1346 1235 1389 num-

222 1450 322 1517 quam
337 1427 562 1494 aberrabimus
576 1427 820 1513 sequemurque
831 1435 866 1491 et
880 1425 925 1510 id,
942 1426 1030 1513 quod
1046 1435 1187 1491 acutum
1203 1435 1265 1492 etn

222 1529 394 1621 perspicax
409 1537 527 1596 natura
542 1535 601 1612 est,
614 1544 647 1594 et
664 1527 707 1611 id,
720 1528 809 1615 quod
824 1527 865 1593 ad
881 1527 1056 1604 bominum
1073 1530 1236 1594 consocia-

222 1635 348 1704 tionem
374 1631 669 1714 acoommodatum,
688 1639 722 1696 ot
748 1631 793 1714 id,
815 1629 906 1718 qnod
927 1630 1107 1696 vehemens
1135 1640 1236 1718 atque

221 1737 321 1803 forte.
366 1734 431 1802 Sed
450 1756 605 1800 maxuma
624 1734 673 1799 vic
690 1733 800 1799 decori
823 1733 857 1797 in
881 1731 943 1799 hae
965 1734 1050 1799 inest
1072 1742 1179 1820 parto,
1196 1733 1237 1800 dc
1280 1723 1282 1728 ’

223 1860 289 1925 qua
310 1838 534 1925 disputamne3
556 1857 665 1923 neque
690 1836 780 1901 enim
803 1835 911 1902 solum
935 1837 1091 1924 corporis,
1110 1838 1171 1923 qni
1195 1837 1235 1903 ad

224 1948 375 2008 naturam
388 1941 459 2026 apti
473 1947 560 2023 sunt,
573 1939 630 2006 aed
645 1938 753 2005 uurrlto
768 1939 867 2004 etiam
884 1939 989 2026 magis
1003 1940 1108 2004 animi
1125 1949 1265 2006 motura

225 2041 398 2130 probandi,
425 2044 484 2129 qni
514 2043 595 2108 item
627 2042 669 2107 ad
698 2042 850 2107 naturam
877 2042 1116 2108 accommodati
1147 2050 1235 2108 arant

159 2149 215 2205 101
227 2143 364 2232 Duplex
378 2151 430 2210 est·
442 2145 532 2210 euim
543 2145 594 2210 vis
608 2145 795 2211 animorum
810 2145 912 2232 atque
925 2143 1062 2227 natura3
1078 2167 1147 2210 una
1162 2167 1237 2233 para

227 2248 261 2312 in
280 2247 430 2336 appetitu
448 2247 556 2334 posita
573 2255 632 2330 est,
648 2268 733 2334 quae
751 2255 801 2313 est
819 2251 900 2333 ὁρμή
919 2247 1053 2331 Graece,
1065 2245 1161 2334 quae
1182 2247 1237 2314 ho

228 2350 351 2422 minem
368 2348 432 2418 buo
447 2357 481 2415 et
498 2348 577 2416 illue
594 2349 691 2436 rupit,
707 2349 809 2416 alteru
826 2351 861 2415 in
880 2349 1016 2433 ratione,
1035 2371 1122 2437 quac
1140 2351 1236 2416 docet

228 2460 262 2518 et
277 2451 440 2540 explanat,
452 2451 534 2539 quid
548 2450 740 2518 faciendum
754 2449 1020 2540 fugiendumque
1031 2454 1084 2518 sit.
1123 2451 1177 2518 Ita
1188 2452 1264 2536 fita

167 2561 211 2631 29
228 2563 267 2622 ut
284 2555 369 2622 ratio
386 2556 517 2644 praesit,
536 2553 703 2642 adpetitus
720 2554 938 2642 obtemperet.
983 2555 1103 2620 Omnis
1125 2566 1234 2621 autem

228 2660 313 2728 actio
331 2681 444 2727 uacare
461 2658 560 2725 debet
582 2657 768 2723 temeritate
791 2664 824 2722 et
847 2656 1057 2744 neglegentia
1081 2679 1142 2724 nec
1160 2680 1235 2724 vero

228 2785 325 2850 agere
347 2763 535 2850 quiequam,
554 2759 649 2826 euius
670 2779 737 2824 nou
760 2759 864 2847 possit
881 2779 1011 2825 carneam
1029 2760 1234 2847 probabilem

162 2879 219 2934 102
229 2866 386 2946 reddere3
402 2863 481 2930 baec
496 2871 546 2930 eet
560 2862 649 2928 enim
664 2861 736 2927 fere
751 2861 921 2948 discriptio
936 2859 1045 2928 officii.
1086 2859 1234 2928 Efficien-

230 2965 437 3030 domantem
455 2973 514 3046 eet,
529 2972 568 3029 ut
583 2964 749 3052 adpetitus
767 2963 887 3029 rationi
905 2961 1082 3030 oboediant
1099 2985 1262 3051 eamquen

230 3084 338 3152 neque
353 3073 564 3152 praecurrant
582 3088 643 3133 nec
657 3073 794 3153 propter
810 3065 980 3153 pigritiam
998 3073 1056 3132 ant
1070 3065 1233 3154 ignaviam

231 3168 383 3234 deserant
398 3167 529 3255 sintque
543 3168 715 3257 tranquilli
731 3177 830 3257 atque
845 3169 937 3235 omni
951 3169 1055 3234 animi
1070 3171 1235 3256 perturba·
1331 3193 1333 3202 ·

231 3271 322 3336 tione
337 3277 489 3352 careant,;
504 3291 545 3338 ex
560 3292 627 3357 qno
642 3271 785 3338 elucebit
799 3273 907 3338 omnis
923 3273 1106 3338 constantia
1120 3273 1234 3338 omnic

183 3437 186 3442 .
231 3395 297 3461 que
311 3371 503 3440 moderatio.
547 3372 582 3439 N
584 3395 636 3438 am
653 3375 711 3460 qui
726 3375 893 3462 appetitus
911 3373 1043 3462 longius
1057 3383 1236 3462 evagantur

232 3483 266 3542 et
278 3484 445 3563 tamquam
458 3474 642 3542 exultantes
653 3477 724 3542 sive
735 3477 898 3564 cupiendo
913 3478 983 3543 aive
996 3477 1157 3564 fugiendo
1171 3498 1261 3542 nonu

232 3579 310 3644 satis
324 3600 343 3643 a
357 3579 484 3644 ratione
495 3578 691 3661 retinentur,
703 3579 725 3643 ii
738 3580 809 3644 sine
824 3579 926 3645 dubio
938 3579 1039 3644 finem
1054 3573 1088 3645 c't
1103 3579 1233 3645 modurn

232 3688 427 3772 transeunt-3
447 3680 641 3767 relinquunt
662 3680 805 3747 enimet
827 3680 975 3747 abiciunt
997 3681 1234 3761 oboedientiam
