2734 4362
228 387 271 450 84
621 383 672 436 ua
693 383 847 438 oramus
875 417 878 424 ,

406 534 573 606 Selmtcida,
582 533 674 608 spolia
686 536 747 591 sius
757 533 861 592 sudore
871 531 901 592 et
914 535 1059 608 sanguim

229 641 418 728 Contraque
440 641 475 707 in
493 640 657 726 laudibus,
673 661 758 729 quae
779 663 902 729 magno
923 641 1034 708 auimo
1053 649 1088 708 et
1105 642 1241 710 fortiter
1347 689 1348 694 κ

227 743 491 832 excellenterque
501 751 595 832 gesta
610 743 867 828 suut,eauescio
876 764 945 831 quo
956 744 1056 811 modo
1067 745 1161 831 quasi
1172 745 1240 832 ple·
1346 759 1348 844 ᾗ

227 847 321 914 niore
335 869 392 914 ore
406 846 588 914 laudamus.
632 845 725 912 Hinc
740 844 909 912 rhetorum
927 867 1062 934 campus
1077 846 1120 913 de
1132 845 1240 913 Mara-
1346 869 1348 872 ·

227 948 340 1034 thone,
356 949 531 1032 Salamine,
550 948 704 1032 Plataeis,
720 947 963 1036 Thermopylis,
981 948 1140 1032 Leuctris,
1159 949 1269 1016 dines

227 1060 340 1118 noster
354 1051 480 1136 Cocles,
490 1050 692 1133 hinc'Decii,
704 1051 780 1118 hino
796 1051 857 1117 Cu.
870 1060 905 1118 et
915 1049 956 1118 P.
967 1049 1239 1139 Scipiones,·hinc

227 1151 276 1220 M.
292 1152 480 1235 Marcellus,
495 1153 753 1220 innumerabiles
774 1152 842 1236 alii,
859 1153 1068 1240 inaximequo
1090 1155 1160 1241 ipse
1180 1177 1238 1242 po·

228 1255 326 1344 pnlus
341 1255 511 1323 Rornanus
527 1257 631 1323 animi
650 1255 881 1344 magnitudine
898 1256 1041 1323 excellit.
1087 1256 1239 1323 Declara-

227 1367 283 1425 tur
299 1367 409 1426 autem
433 1360 580 1426 studium
598 1359 734 1426 bellicae
755 1358 891 1446 gloriae,
907 1351 999 1447 qnod
1015 1367 1138 1425 statuas
1160 1381 1238 1447 quo

226 1483 292 1550 que
307 1462 459 1530 videmus
473 1469 592 1530 ornatu
606 1461 678 1528 iero
694 1460 840 1527 militari.
1244 1493 1268 1534 1.

182 1532 225 1602 1⁹
271 1565 337 1633 Sed
355 1588 394 1633 ea
411 1565 515 1633 animi
532 1564 642 1648 elatio,
655 1585 739 1652 quae
756 1564 904 1630 cernitur
920 1564 956 1629 iu
975 1563 1131 1652 periculis
1146 1571 1182 1631 et
1195 1565 1238 1632 la·

179 1625 216 1678 ⁰2
227 1669 373 1754 boribus,
382 1669 410 1735 si
425 1667 553 1735 iustitia
569 1675 661 1734 vacat
675 1673 866 1755 pugnatque
881 1687 947 1733 non
960 1689 1021 1754 pro
1035 1666 1140 1734 salute
1150 1689 1239 1734 com-

227 1772 331 1855 muni,
346 1771 404 1837 sod
423 1793 483 1858 pro
504 1771 572 1837 suis
593 1770 784 1852 commodis,
796 1769 833 1834 in
852 1769 935 1836 vitio
958 1780 1026 1853 est3
1049 1789 1117 1838 non
1137 1771 1238 1836 modo

226 1875 316 1940 euim
332 1873 368 1938 id
384 1873 518 1940 virtutis
532 1893 600 1939 nou
618 1881 678 1955 est,
691 1872 748 1940 sed
763 1879 812 1938 est
827 1873 938 1959 potius
952 1873 1156 1940 inmanitatis
1171 1895 1239 1939 om·

227 1997 304 2040 nem
320 1974 560 2041 humanitatom
579 1975 780 2064 repellentis.
825 1973 945 2063 Itaque
959 1977 1063 2064 prohe
1080 1975 1268 2042 delinitura

226 2101 246 2144 a
261 2076 381 2144 Stoicis
398 2077 572 2161 fortitudo,
584 2099 661 2144 cum
679 2100 751 2145 sam
772 2079 930 2145 virtutem
948 2101 1018 2145 esse
1035 2079 1150 2150 dicunt
1166 2101 1236 2166 pro

226 2186 433 2268 pugnantem
445 2202 505 2268 pro
519 2181 695 2268 aequitate.
741 2181 903 2260 Quocirca
915 2203 1023 2264 nemo,
1033 2181 1236 2270 qui'iortitu-

227 2283 315 2350 dinis
330 2281 470 2370 gloriam
485 2292 681 2350 consecutus
697 2292 748 2351 est
762 2285 942 2351 insidiis'et
957 2285 1235 2369 malitia,·laudern

227 2393 277 2452 est
291 2385 449 2473 adeptus3
472 2385 556 2451 nihil
571 2387 659 2452 enim
673 2386 849 2454 honestum
863 2407 934 2456 esse
945 2395 1063 2475 potest,
1097 2387 1162 2458 uod
1174 2389 1237 2454 ius-

179 2503 218 2558 63
228 2489 302 2556 titia
317 2499 420 2556 vacat.
465 2488 675 2558 Praeclarum
692 2491 795 2577 igitur
809 2489 892 2556 illud
904 2488 1073 2557 Platonis:
1095 2489 1267 2573 “Non,’'aa

226 2592 346 2680 iuquit,
365 2596 385 2630 ‘⁶
395 2591 501 2660 solum
528 2592 675 2674 scientia,
694 2613 778 2678 quae
803 2600 853 2658 est
878 2599 1006 2659 remota
1032 2593 1073 2658 ab
1100 2593 1234 2676 iustitia,

226 2697 388 2764 calliditas
405 2696 517 2784 potius
534 2716 634 2784 quam
651 2693 813 2782 sapientia
832 2701 883 2760 set
900 2694 1106 2782 appellanda,
1119 2717 1232 2761 verum

226 2801 325 2867 etiarn
348 2800 478 2866 auinaue
495 2805 627 2885 paratus
649 2797 690 2862 ad
708 2796 903 2884 pericnlum,
919 2797 947 2862 si
969 2819 1027 2863 sua
1044 2797 1233 2884 cupiditate,

227 2923 295 2966 nou
316 2901 461 2967 utilitate
483 2899 651 2965 communi
673 2897 855 2985 inpellitur,
871 2899 1025 2965 audaciae
1047 2899 1159 2986 potius
1179 2921 1233 2965 uo·

228 3023 304 3068 men
315 3001 434 3067 habeat
448 3021 547 3086 quam
562 3000 801 3066 fortitudinis.’'
846 2993 965 3088 Itaque
980 3003 1068 3068 viros
1083 3002 1187 3070 fortes
1199 3009 1264 3073 eta

229 3103 455 3190 magnanimos
472 3101 604 3168 eosdem
622 3102 727 3169 bonos
748 3110 782 3169 et
800 3104 975 3191 simplices,
988 3105 1136 3172 veritatis
1157 3106 1233 3170 ami-

228 3227 283 3272 cos
307 3204 511 3290 minimeque
533 3203 667 3271 fallaces
691 3226 761 3272 esec
782 3206 956 3290 volumus3
981 3229 1068 3294 quae
1091 3215 1169 3273 sunt
1193 3227 1232 3273 ex

181 3307 336 3375 almedis
353 3305 450 3371 laude
467 3306 622 3374 iustitiae.
667 3306 733 3374 Sed
751 3307 1001 3378 illudodiosum
1021 3318 1080 3393 est,
1092 3309 1180 3397 quod
1197 3309 1231 3374 iu
1346 3291 1348 3320 ¹

228 3409 289 3475 hac
305 3408 447 3474 clatione
465 3416 499 3474 et
516 3410 746 3497 magnitudine
764 3411 868 3476 animi
882 3411 1041 3478 facillime
1056 3412 1231 3498 pertinacia

228 3519 262 3577 et
287 3511 391 3576 nimia
416 3510 578 3598 cupiditas
604 3511 809 3599 principatus
833 3513 1025 3579 innascitur.
1070 3513 1119 3579 Ut
1144 3514 1262 3579 enimn

227 3614 315 3701 apud
334 3613 509 3680 Platonem
527 3624 587 3698 est,
603 3635 737 3680 omnem
756 3613 1229 3682 morem'Lacedaemoniomm

228 3717 468 3781 inflammatum
491 3737 560 3781 csse
582 3715 762 3800 cupiditate
785 3715 951 3798 vincendi,
967 3717 1023 3800 sic,
1038 3724 1078 3784 ut
1095 3717 1229 3804 quisque
