2734 4362
208 361 250 425 16
602 353 653 404 nn
674 351 835 406 osricus·

207 529 283 596 qne,
299 513 337 571 ut
351 504 524 572 homiuum
540 511 652 570 coetus
667 512 701 570 et
715 501 949 570 celebrationes
963 508 998 568 et
1012 523 1086 568 esse,
1099 507 1134 569 et
1147 523 1165 566 a
1176 525 1214 568 se

208 609 293 678 obiri
314 607 396 674 velit
421 608 465 675 ob
490 627 610 694 easque
634 627 745 673 causas
770 604 900 671 studeat
921 626 1035 693 parare
1057 626 1105 688 ea,
1128 627 1215 692 qnae
1342 567 1344 678 i

208 711 422 801 suppeditent
439 709 481 776 ad
498 709 625 776 cultum
643 717 678 775 et
694 708 737 774 ad
756 708 892 791 victum,
908 729 969 774 nec
986 708 1050 773 sibi
1067 707 1139 789 soli,
1154 710 1214 774 sed
1343 701 1344 706 ’

208 815 352 904 coniugi,
370 813 483 879 liberis
500 813 692 900 ceterisque,
711 831 793 898 quos
814 831 904 876 caros
922 809 1041 876 lrabeat
1059 811 1215 898 tuerique

208 921 344 1001 debeat3
366 937 451 1005 quae
468 937 546 982 cura
564 915 741 981 exsuscitat
759 913 860 979 stium
877 913 1004 980 animos
1021 922 1056 979 et
1073 915 1215 980 maiores
1235 941 1249 982 s

162 1023 250 1091 laad
264 1043 334 1088 rem
350 1017 527 1108 gerendam
543 1016 635 1084 facit.
666 1015 706 1083 In
723 1015 905 1105 primisque
920 1013 1065 1082 bominis
1079 1026 1129 1084 est
1140 1039 1216 1105 pro
1341 965 1344 1132 i

209 1125 280 1212 pria
308 1123 380 1188 veri
403 1119 575 1208 inquisitio
599 1126 699 1206 atque
727 1117 947 1206 investigatio.
992 1117 1110 1206 Itaque
1136 1133 1214 1186 cnm

207 1245 321 1292 snmus
338 1223 526 1290 necessariis
544 1223 686 1310 negotiis
700 1221 852 1308 curisque
869 1221 972 1304 raoni,
988 1228 1060 1286 tum
1075 1243 1215 1288 avemus

207 1327 332 1415 aliquid
344 1326 467 1409 videre,
479 1325 602 1406 audire,
614 1323 781 1390 addiscere
795 1323 1086 1410 cognitionemque
1100 1346 1213 1391 rerum

207 1439 264 1498 aut
282 1429 485 1500 occultarum
502 1436 560 1496 ant
581 1427 826 1494 admirabilium
848 1426 889 1492 ad
912 1427 1006 1493 beate
1029 1427 1247 1494 vivendnmn

206 1533 590 1602 necessariamdueimus.
616 1530 668 1598 Ex
680 1551 746 1618 quo
759 1528 974 1616 intellegitur,
984 1529 1074 1616 qnod
1085 1553 1212 1615 verum,

206 1637 347 1726 simplex
361 1638 591 1723 sincerumque
602 1633 654 1718 sit,
670 1633 705 1699 id
720 1653 789 1699 esse
805 1641 941 1698 naturae
955 1631 1100 1700 bominis
1114 1634 1213 1720 aptis

207 1742 338 1806 simum.
383 1738 474 1804 Huic
484 1738 556 1804 veri
572 1737 707 1804 videndi
725 1735 901 1823 cupiditati
918 1734 1073 1802 adiuncta
1090 1744 1140 1803 est
1156 1737 1212 1802 ad-

207 1844 325 1930 petitio
340 1840 500 1928 quaedam
522 1840 735 1927 principatus,
752 1849 789 1904 nt
805 1837 931 1905 nemini
949 1859 1063 1926 parere
1080 1840 1212 1906 animus

206 1946 291 2011 bene
305 1944 503 2008 informatus
517 1963 536 2008 a
551 1951 667 2009 natura
679 1943 760 2009 velit
774 1941 837 2008 nisi
854 1941 1069 2029 praecipienti
1084 1950 1141 2008 aut
1155 1943 1211 2008 do-
1220 1963 1245 2004 u
1293 1967 1296 1973 ·

207 2047 295 2114 centi
310 2054 367 2112 ant
381 2045 534 2112 utilitatis
546 2065 641 2112 cansa
654 2046 740 2112 inste
750 2054 785 2112 et
796 2045 945 2132 legitime
957 2045 1153 2134 imperanti3
1168 2069 1210 2112 ex

205 2172 274 2238 quo
300 2149 495 2236 magnitudo
521 2149 623 2214 animi
650 2149 761 2214 existit
788 2149 1072 2239 humanarumque
1099 2171 1210 2218 rernm

160 2252 421 2339 lscontemptiu
465 2249 537 2317 Nec
554 2273 631 2316 vero
646 2251 702 2316 illa
718 2273 818 2338 parva
834 2255 883 2319 vis
899 2261 1034 2320 naturae
1052 2263 1101 2320 est
1116 2253 1211 2318 ratio

207 2356 334 2440 nisque,
357 2353 446 2440 quod
469 2375 573 2418 arnum
595 2352 657 2418 hoc
679 2354 800 2420 animal
823 2356 934 2439 sentit,
950 2356 1031 2444 qnid
1053 2356 1097 2421 sit
1118 2355 1209 2437 crdo,

207 2457 288 2543 quid
311 2457 365 2538 sit,
381 2455 470 2542 qnod
494 2455 618 2538 deceat,
633 2455 668 2522 in
692 2456 791 2524 iactis
815 2458 977 2546 dictisque
1000 2459 1059 2546 qui
1082 2457 1244 2526 medusae

207 2559 325 2649 Itaque
343 2581 458 2626 eorum
476 2559 634 2647 ipsorum,
657 2581 741 2647 quae
764 2569 898 2648 aspectu
920 2562 1118 2644 sentiuntur,
1140 2560 1209 2626 nul-

207 2663 277 2730 lum
295 2663 384 2730 alind
407 2661 531 2730 animal
552 2661 846 2750 pulchritudinem,
863 2671 1080 2746 venustatem,
1095 2685 1210 2731 conve

207 2768 366 2834 nientiam
388 2768 532 2854 partium
555 2766 673 2849 sentit;
696 2787 795 2854 qnam
818 2765 1071 2832 similitudinem
1094 2773 1209 2832 natura

207 2871 355 2955 ratioque
370 2871 410 2934 ab
433 2869 536 2936 oculis
550 2869 590 2934 ad
606 2870 754 2935 animum
774 2869 974 2936 transferens
989 2868 1095 2934 multo
1111 2869 1209 2934 ctiam

207 2971 313 3057 magis
339 2969 630 3056 pulchritudinem,
653 2973 881 3055 constantiam,
904 2972 1053 3039 ordinem
1076 2973 1111 3036 in
1137 2991 1242 3037 con-as

208 3069 289 3135 siliis
304 3068 466 3155 factisque
482 3071 705 3136 conservanda
720 3079 815 3159 putat
826 3081 995 3159 cavetque,
1011 3093 1054 3138 ne
1069 3072 1149 3159 quid
1163 3072 1209 3136 in·

208 3174 325 3240 decore
340 3169 571 3238 effeminateve
586 3171 696 3257 faciat,
706 3181 778 3240 tum
790 3175 825 3240 in
841 3177 994 3242 omnibus
1005 3182 1039 3241 et
1050 3173 1210 3262 opinioni·
1257 3185 1260 3190 ’

210 3278 270 3342 bus
284 3282 318 3341 et
332 3274 430 3340 factis
448 3275 586 3362 nequid
604 3275 791 3344 lubidinose
808 3285 866 3344 ant
883 3277 984 3344 faciat
1000 3285 1058 3344 aut
1076 3279 1208 3364 cogitet.

209 3378 337 3456 Quibus
352 3399 393 3444 ex
408 3378 505 3443 rebus
523 3377 683 3446 conflatur
700 3388 734 3446 et
756 3379 897 3448 efficitur
914 3380 959 3463 id,
975 3380 1064 3467 qnod
1087 3379 1209 3467 quaeri-

207 3503 290 3564 mus,
303 3480 487 3564 honestum,
498 3481 587 3568 quod
599 3482 726 3549 etiamsi
738 3482 949 3549 nobilitatum
959 3504 1024 3549 non
1037 3483 1089 3566 sit,
1099 3490 1207 3548 tamen
1217 3502 1241 3544 so

207 3583 380 3650 honestum
406 3584 457 3666 sit,
474 3584 629 3671 quodque
653 3606 730 3652 vere
754 3585 905 3670 dicimus,
921 3585 1050 3652 etiamsi
1073 3606 1092 3650 a
1117 3583 1209 3650 nullo

206 3687 369 3770 laudetur,
384 3695 502 3754 natura
516 3709 585 3754 esse
599 3687 772 3754 laudabile.
