2734 4362
295 1005 298 1010 Δ
400 1017 456 1102 Μ.
475 1020 658 1104 TULLII
696 1019 983 1109 CICERONIS

228 1215 296 1309 ΒΕ
332 1216 562 1314 OFFICIIS
594 1219 668 1312 llll
702 1219 930 1315 MARCUM
964 1221 1153 1318 FILIUM

511 1417 650 1483 ninus
678 1417 870 1486 narnus

629 1569 758 1590 -·—-.

1205 1645 1222 1714 1

1205 1737 1220 1790 1

232 1677 440 1765 Quamquam
468 1685 510 1760 te,
533 1675 646 1743 Marce
671 1675 731 1758 fili,
754 1698 879 1743 annum
908 1678 975 1746 iam
1004 1678 1192 1753 audientem

188 1780 396 1868 Cratippum,
411 1781 512 1867 idque
533 1779 689 1862 Athenis,
705 1777 872 1848 abundare
889 1788 1021 1870 oportet
1042 1801 1195 1873 praecep

84 1899 92 1908 ·
187 1883 230 1949 tia
244 1884 471 1970 institutisque
488 1881 717 1969 philosophiae
735 1891 872 1970 propter
888 1905 1051 1951 summam
1069 1895 1103 1952 et
1120 1886 1194 1954 doc·

187 1986 268 2053 toris
293 1987 523 2052 auctoritatem
549 1993 583 2051 et
610 1985 710 2067 urbis,
726 2006 868 2072 quorum
893 1987 977 2053 alter
998 1996 1032 2054 ta
1057 1989 1193 2056 scientia

164 2093 307 2176 satagere
322 2085 440 2175 potest,
453 2087 555 2153 altera
569 2087 740 2174 exemplis,
753 2096 874 2169 tamen,
887 2097 925 2154 ut
939 2090 1010 2177 ipse
1025 2090 1065 2156 ad
1084 2113 1192 2158 meam

187 2191 366 2257 utilitatem
384 2211 514 2276 semper
531 2211 608 2255 cum
627 2189 760 2256 Graecis
778 2189 895 2256 Latina
909 2193 1067 2257 coniunxi
1084 2214 1192 2280 neque

186 2293 222 2358 id
237 2294 273 2358 in
290 2291 498 2380 philosophia
515 2291 632 2374 solum,
644 2292 699 2358 sed
719 2292 820 2357 etiam
835 2293 869 2357 in
888 2293 1020 2359 dicendi
1038 2297 1192 2362 exercita-

186 2396 278 2461 tione
299 2395 376 2478 feci,
391 2395 480 2460 idem
506 2394 569 2459 tibi
591 2415 708 2460 censeo
729 2394 930 2480 faciendum,
946 2405 984 2462 nt
1005 2419 1066 2482 par
1090 2399 1135 2464 sis
1156 2399 1191 2463 in

147 2543 149 2548 -
187 2499 359 2584 utriusque
380 2497 539 2563 orationis
559 2496 728 2563 facultate.
773 2497 882 2576 Quam
903 2500 1040 2585 quidem
1057 2501 1099 2566 ad
1121 2523 1192 2566 rem

151 2623 256 2685 runos,
266 2610 305 2666 ut
317 2600 478 2683 videmur,
490 2621 647 2686 magnum
663 2599 836 2665 attulimus
847 2601 1075 2666 adiumentum
1090 2602 1192 2668 horni-

187 2705 285 2770 nibus
296 2695 425 2786 nostris,
435 2711 474 2767 ut
485 2723 552 2768 non
565 2703 664 2768 ruodo
676 2701 875 2767 Graecarum
888 2701 1072 2767 litterarum
1084 2704 1191 2786 rudes,

187 2807 244 2872 sed
260 2806 360 2873 etiam
371 2805 460 2872 docti
472 2804 677 2890 aliquantum
693 2825 727 2870 sc
739 2803 941 2868 arbitrentur
950 2803 1087 2890 adeptos
1101 2813 1135 2871 et
1150 2807 1192 2872 ad

187 2908 364 2976 dicendum
380 2908 470 2973 etad
487 2907 710 2973 iudicandum.
755 2904 864 2983 Quam
883 2905 926 2970 ob
943 2927 1014 2970 rem
1032 2905 1137 2974 disces
1154 2916 1219 2975 tut

187 3013 321 3099 quidem
351 3033 371 3076 a
399 3011 550 3098 principe
578 3008 677 3074 huius
705 3008 821 3074 aetatis
853 3007 1135 3096 philosophorum,
1158 3021 1192 3078 et

153 3115 301 3197 audisses,
318 3135 418 3201 quam
439 3113 498 3178 diu
517 3110 625 3194 voles3
647 3119 716 3176 tam
734 3111 793 3176 diu
814 3119 925 3177 autem
943 3111 1030 3178 velle
1047 3113 1191 3198 debebis,

187 3218 297 3304 quoad
319 3226 363 3299 te,
381 3223 544 3303 quantum
565 3213 727 3302 proficias,
743 3235 809 3280 non
836 3214 1038 3301 paenitebit3
1064 3218 1120 3282 sed
1147 3226 1192 3283 ta-

186 3341 263 3387 men
276 3328 388 3386 nostra
402 3319 516 3405 legens
528 3313 594 3384 non
608 3317 751 3382 multum
764 3339 783 3382 a
794 3315 1024 3403 Peripateticis
1036 3318 1191 3386 dissiden-

186 3417 244 3508 tia,
262 3422 419 3511 quoniam
445 3421 578 3507 utrique
605 3420 762 3486 Socratici
787 3427 822 3485 et
847 3418 1012 3486 Platonici
1037 3422 1192 3489 volumus

186 3547 266 3609 esse,
279 3525 321 3590 de
335 3525 433 3590 rebus
447 3522 526 3609 ipsis
544 3530 638 3588 utere
655 3531 713 3588 tuo
731 3521 852 3588 iudicio
867 3520 965 3607 (nihil
982 3517 1073 3587 enim
1090 3525 1192 3611 impe

150 3629 266 3715 audio),
281 3626 463 3693 orationem
482 3633 592 3690 autem
609 3623 761 3689 Latinam
779 3623 899 3690 efficias
915 3623 1066 3710 profecto
1083 3624 1192 3712 legen-

187 3730 237 3796 dis
258 3728 380 3795 nostris
401 3725 595 3814 pleniorem.
637 3723 712 3793 Nec
730 3746 809 3791 vero
830 3723 893 3791 hoc
915 3733 1105 3811 arroganter
1126 3726 1192 3792 dic·
