2710 4374
416 385 484 435 LIB.
502 385 539 437 11.
575 383 654 436 cnl’.
675 387 715 449 23,
732 386 773 438 24.
810 384 824 446 ᾗ
842 387 932 438 82-87.
1117 387 1180 452 113

165 538 352 606 interesset.
398 535 505 601 Tanta
526 537 560 601 in
589 559 629 602 oo
651 537 807 623 peccandi
830 536 934 604 libido
957 536 1035 620 fuit,
1054 543 1092 602 ut
1117 536 1181 604 hoc

166 641 279 728 ipsum
291 661 369 704 eum
383 638 570 723 delectaret,
586 639 873 727 pecca1·e‚etiamsi
889 661 984 706 causa
999 662 1066 705 non
1084 649 1178 706 esset.

166 744 227 808 Ab
251 742 313 808 hoc
336 741 441 828 igitur
464 763 586 828 genere
609 741 804 828 largitionis,
827 750 864 807 ut
890 741 961 807 aliis
983 743 1090 825 detur,
1109 741 1181 808 aliis
1191 755 1229 810 85

167 845 350 927 auferatur,
371 844 510 910 aberunt
528 845 563 928 ii,
583 845 729 932 quirem
748 844 915 932 publicam
937 846 1129 928 tuebuntur,
1145 847 1180 912 in

140 949 353 1036 oprimisque
369 969 502 1034 operam
515 947 651 1030 dabunt,
663 956 702 1013 ut
718 949 797 1014 iuris
812 955 846 1014 et
860 949 1057 1014 iudiciorum
1073 952 1182 1036 aequi-

170 1061 239 1128 tate
254 1072 351 1115 suurn
380 1049 519 1137 quisque
544 1059 654 1116 teneat
670 1058 703 1116 et
729 1072 837 1142 neque
858 1051 1022 1118 tenuiores
1046 1061 1182 1138 propter

170 1153 395 1218 humilitatem
427 1153 729 1218 circumveniantur
754 1175 861 1240 neque
891 1153 1111 1242 locupletibus
1139 1154 1181 1220 ad

171 1277 231 1321 sua
256 1255 311 1320 vel
332 1255 476 1320 tenenda
500 1255 554 1321 vol
578 1255 800 1342 recuperanda
821 1256 909 1321 obsit
931 1257 1067 1338 invidia,
1091 1279 1181 1344 prae

170 1369 271 1441 terea,
287 1359 552 1444 quibuscumque
567 1359 665 1424 rebus
681 1357 733 1427 vel
749 1357 827 1424 belli
843 1358 896 1423 vol
908 1358 998 1424 dorni
1014 1367 1180 1444 poterunt,

129 1483 243 1528 rorem
273 1460 440 1548 publicam
471 1469 614 1547 augeant
644 1460 795 1548 irnperio,
823 1461 920 1546 agria,
950 1459 1180 1546 vectigalibus.

171 1565 264 1630 Haec
289 1585 485 1650 magnorum
511 1563 685 1629 hominum
712 1572 800 1646 sunt,
824 1561 905 1628 haec
930 1563 1020 1648 apud
1045 1563 1183 1630 maiores

171 1675 302 1733 nostros
319 1667 479 1750 factitata,
491 1665 571 1733 haec
584 1689 706 1754 genera
721 1665 902 1732 officiorum
915 1665 973 1752 qui
989 1687 1182 1753 persequen-

171 1779 238 1852 tur,
263 1791 339 1834 cum
366 1791 496 1835 summa
519 1770 663 1835 utilitate
687 1770 735 1835 rei
759 1769 911 1856 publicae
938 1789 1091 1856 magnam
1118 1770 1182 1857 ipsi

171 1873 398 1960 adipiscentur
411 1881 445 1938 et
459 1873 600 1959 gratiam
615 1881 649 1940 et
663 1873 813 1960 gloriam.
843 1931 846 1936 .

131 1999 164 2040 aa
217 1974 259 2041 ln
272 1975 324 2040 his
339 1983 450 2041 autem
466 1976 649 2042 utilitatum
667 1977 849 2064 praeceptis
865 1977 1046 2065 Antipater
1061 1976 1181 2064 Tyrius
1192 1985 1229 2042 86

172 2078 315 2161 Stoicus,
331 2078 391 2164 qui
405 2077 550 2144 Athenis
563 2099 669 2166 nuper
684 2088 733 2144 est
749 2088 908 2163 mortuus,
924 2081 990 2146 duo
1006 2080 1182 2167 praeterita

171 2189 287 2247 censet
315 2202 384 2246 esse
398 2203 417 2246 a
431 2179 602 2265 Panaetio,
618 2181 817 2248 valetudinis
843 2184 1046 2249 curationem
1072 2192 1107 2249 et
1128 2205 1183 2270 pe

171 2285 290 2352 cuniae
300 2305 309 2366 ;
332 2305 413 2370 quas
428 2305 480 2349 res
497 2305 516 2348 a
531 2305 661 2349 summo
678 2283 875 2372 philosopho
894 2287 1085 2372 praeteritas
1100 2286 1183 2352 arbi-

172 2398 254 2470 tror,
270 2387 359 2474 quod
374 2397 482 2452 essent
497 2386 610 2452 faciles
621 2408 630 2469 ;
653 2397 730 2452 sunt
751 2397 839 2454 certe
856 2389 963 2454 utiles.
1010 2389 1075 2454 Sed
1098 2388 1182 2454 vale-

133 2491 257 2556 aotudo
273 2498 475 2568 sustentatur
498 2490 616 2555 notitia
641 2490 692 2554 sui
716 2491 860 2577 eorporis
885 2500 919 2556 et
943 2492 1181 2572 observatione,

173 2615 260 2680 quae
275 2615 326 2658 res
340 2601 398 2658 aut
412 2593 565 2679 prodesse
577 2591 703 2658 soleant
718 2602 775 2657 aut
794 2593 916 2674 obesse,
929 2601 963 2657 et
978 2593 1183 2658 continentia

173 2699 210 2761 in
227 2697 318 2762 victu
334 2697 539 2781 muniatque
557 2695 649 2761 cultu
672 2695 817 2781 corporis
839 2695 955 2760 tuendi
970 2701 1066 2759 causa
1080 2695 1184 2781 [prae-

173 2799 399 2867 termittendis
417 2798 669 2885 voluptatibus],
688 2805 856 2884 postremo
873 2805 944 2861 arte
962 2818 1087 2880 eorum,
1107 2817 1184 2883 quo·

171 2925 249 2968 rum
262 2903 302 2968 ad
319 2902 489 2968 seientiam
506 2901 585 2966 haec
596 2901 776 2988 pertinent.
809 2898 876 2966 Res
887 2907 997 2964 autern
1011 2899 1230 2968 familiarisssi

134 3005 290 3091 aequaeri
305 3005 404 3070 debet
422 3005 463 3069 iis
481 3005 587 3085 reboo,
607 3025 626 3068 a
648 3003 768 3090 quibus
790 3003 881 3068 abest
904 3001 1086 3089 turpitudo,
1099 3024 1184 3069 con·

173 3108 298 3173 seruari
324 3116 436 3172 autem
460 3106 634 3192 diligentia
653 3115 688 3171 ct
711 3105 918 3192 parsimonia,
935 3105 1057 3172 eisdem
1082 3107 1182 3172 etiarn

173 3211 273 3276 rebus
288 3210 411 3296 augeri.
450 3208 521 3274 llas
533 3230 584 3273 res
595 3208 858 3274 commodissime
869 3207 1059 3296 Xenophon
1073 3210 1182 3276 Socra·

174 3315 260 3380 ticos
286 3320 476 3400 persecutus
497 3320 547 3376 est
569 3311 604 3374 in
627 3333 666 3376 eo
684 3310 779 3394 libro,
798 3311 856 3398 qui
875 3311 1115 3378 Oeconomicus
1136 3313 1184 3377 in-

174 3417 339 3498 scribitur,
356 3437 455 3501 quom
473 3436 543 3496 nos,
558 3414 620 3478 ista
637 3413 710 3479 fere
727 3423 832 3480 aetate
851 3436 929 3480 cum
948 3437 1102 3498 essemus,
1118 3433 1184 3500 qua

134 3541 209 3585 aoes
236 3527 275 3584 tu
303 3539 402 3600 nunc,
421 3538 440 3582 e
460 3515 587 3582 Graeco
609 3516 643 3580 in
663 3515 818 3582 Latinum
838 3518 1071 3582 convertimus.
1117 3516 1182 3582 Sed

175 3629 246 3686 toto
261 3619 325 3685 hoe
340 3619 382 3684 de
396 3640 527 3704 genere,
543 3619 585 3683 de
602 3619 799 3704 quaerenda,
815 3619 856 3684 de
879 3619 1066 3685 collocanda
1088 3641 1184 3705 pecu·

173 3723 239 3806 nia,
252 3721 387 3808 (vellem
402 3722 502 3788 etiam
518 3721 560 3787 de
575 3721 711 3806 utenda)
729 3721 935 3788 commodius
950 3743 969 3787 a
986 3721 1184 3808 quibusdam
