2734 4362
440 393 561 446 11111,
581 393 737 448 canu-o.
773 394 896 457 §aare
1131 399 1173 463 21

162 567 266 632 quem
288 542 351 610 sibi
368 543 440 630 ipse
457 543 623 629 opinionis
640 563 751 610 errore
767 543 920 630 finxerat,
938 545 1173 634 principatum.

162 647 224 713 Est
241 653 354 712 autem
371 646 406 710 in
425 644 489 712 hoc
505 669 628 734 genere
648 647 836 732 molestum,
851 649 941 736 qnod
963 649 998 714 in
1020 649 1175 716 maximis

162 750 283 816 animis
296 747 636 836 splendidissimisque
650 750 796 838 ingeniis
811 750 1009 838 plerumque
1026 755 1175 818 existunt

163 852 317 935 honoris,‘
331 850 474 938 imperii,
498 852 676 938 potentiae,
697 852 823 940 gloriae
844 853 1052 942 cupiditates.
1097 854 1174 933 Quo

140 954 271 1040 smagis
292 953 477 1020 cavendum
500 957 560 1037 est,
584 975 628 1020 ne
653 954 735 1041 quid
759 954 794 1020 in
813 977 853 1022 ao
870 977 992 1044 genero
1008 964 1172 1043 peccetur.

164 1057 231 1123 Sed
245 1057 280 1122 in
300 1057 391 1123 omni
409 1057 571 1122 iniustitia
588 1057 792 1144 permultum
809 1058 956 1143 interest,
971 1067 1086 1124 utrum
1103 1063 1219 1146 per-27

163 1159 353 1226 turbatione
375 1158 485 1246 aliqua
499 1159 612 1244 animi,
627 1181 712 1247 qnae
734 1159 930 1248 plerumque
948 1160 1058 1228 brevis
1074 1168 1125 1227 est
1139 1171 1174 1228 et

163 1262 205 1327 ad
221 1270 362 1348 tempus,
371 1282 413 1326 an
426 1261 574 1327 consulto
586 1270 620 1328 et
635 1263 778 1349 cogitata
791 1261 850 1328 fiat
864 1264 994 1329 iniuria.
1033 1262 1174 1330 Leviora

163 1365 254 1430 enim
277 1372 356 1430 sunt
379 1386 426 1446 ea,
450 1386 534 1452 quae
557 1366 732 1452 repentino
755 1365 866 1452 aliquo
890 1375 986 1432 motu
1008 1366 1172 1448 accidunt,

127 1488 265 1552 mquam
279 1464 327 1550 ea,
343 1488 428 1553 quae
443 1467 604 1533 meditata
618 1475 651 1533 et
667 1477 859 1554 praeparata
873 1467 1075 1534 inferuntur.
1119 1468 1174 1534 Ac

164 1571 207 1634 de
222 1569 395 1635 inferenda
410 1570 546 1656 quidem
561 1570 682 1634 iniuria
696 1571 774 1635 satis
788 1571 915 1635 dictum
930 1578 989 1636 ast.

208 1671 527 1738 Praetermittendae
559 1679 672 1738 autem
704 1671 908 1738 defensionis
936 1671 1173 1758 deserendique

164 1773 264 1840 officii
290 1773 402 1861 plures
427 1773 535 1840 solent
557 1795 627 1840 esso
648 1795 782 1856 cansac3
805 1795 882 1839 nam
904 1782 963 1840 aut
983 1773 1174 1840 inimicitias

163 1885 222 1942 aut
247 1875 393 1942 laborem
415 1883 472 1940 aut
493 1885 645 1962 sumptus
666 1876 831 1964 suscipere
852 1875 972 1942 nolunt
993 1883 1051 1942 aut
1072 1877 1173 1943 etiam

127 2003 155 2046 11
164 1979 383 2066 neglegentia,
399 1979 544 2066 pigritia,
559 1979 679 2045 inertia
693 1987 751 2045 aut
766 1979 833 2045 suis
847 1980 965 2045 studiis
976 1980 1173 2066 quibusdam

165 2082 474 2168 occupationibusve
495 2083 542 2148 sic
563 2082 802 2169 impediuntur,
820 2091 858 2147 ut
880 2103 944 2166 eos,
967 2105 1050 2169 quos
1071 2082 1173 2148 tutari

164 2184 316 2267 debeant,
332 2184 478 2265 desertos
492 2205 561 2250 esse
577 2185 754 2271 patiantur.
785 2183 903 2271 Itaque
915 2185 1097 2251 videndum
1113 2192 1172 2267 est,

165 2309 210 2352 ne
225 2309 292 2352 non
310 2288 388 2352 satis
406 2287 448 2352 sit
466 2287 511 2370 id,
527 2285 615 2374 quod
634 2288 723 2374 apud
742 2287 916 2354 Platonem
939 2298 988 2354 est
1011 2289 1045 2354 in
1069 2287 1173 2375 philo

164 2388 286 2475 sophos
308 2389 444 2472 dictum,
460 2391 549 2475 quod
571 2391 607 2454 in
629 2391 701 2456 veri
724 2391 978 2478 investigatione
1000 2399 1174 2456 versentur

127 2492 320 2579 acquodqna
345 2513 393 2574 ea,
417 2513 501 2578 quae
527 2491 676 2579 plerique
701 2492 916 2559 vehementer
941 2491 1108 2580 expetant,
1131 2493 1173 2557 da

166 2595 286 2681 quibus
307 2595 395 2660 inter
416 2617 450 2660 se
473 2595 646 2682 digladiari
667 2594 803 2678 soleant,
822 2603 1035 2662 contemnant
1057 2605 1091 2660 et
1112 2617 1173 2680 pro

166 2697 275 2762 nihilo
300 2705 429 2784 putent,
459 2706 634 2784 propterea
662 2698 765 2763 iustos
794 2719 882 2762 esse.¹
917 2696 1008 2762 Nam
1033 2696 1174 2761 alterum

166 2808 392 2886 assequuntur,
410 2799 587 2866 inferenda
612 2819 655 2865 ne
680 2801 733 2864 eui
759 2807 899 2864 noceant
920 2797 1050 2880 iniuria,
1073 2799 1109 2862 in
1132 2797 1174 2863 al-

166 2911 239 2968 tero
253 2903 473 2990 delinquunt3
496 2902 756 2968 discendienim
778 2901 888 2967 studio
910 2900 1073 2988 impediti,
1092 2923 1175 2989 quos

129 3029 158 3070 aa
167 3007 252 3072 tueri
267 3005 399 3090 debent,
415 3007 581 3072 deserunt.
594 3025 597 3030 ¹
611 3005 735 3092 Itaque
745 3024 800 3072 eos
815 3005 913 3071 ne‘ad
925 3027 994 3071 ram
1008 3004 1174 3092 publicam

166 3106 303 3193 quidem
317 3127 499 3172 accessuros
517 3113 613 3193 putat
627 3105 692 3172 nisi
707 3115 844 3172 coactos.
889 3106 1042 3193 Aequius
1063 3114 1174 3172 antem

166 3217 237 3274 erat
251 3209 286 3274 id
301 3209 472 3274 voluntate
482 3207 581 3292 ‘fieri3
604 3231 680 3274 nam
699 3208 762 3275 hoc
780 3209 890 3296 ipsum
906 3209 953 3274 ita
970 3209 1095 3274 iustum
1113 3217 1173 3291 est,

165 3309 256 3396 quod
271 3314 359 3375 recte
373 3307 423 3392 fit,
439 3310 466 3374 si
481 3313 532 3375 est
547 3302 779 3376 voluntarium.
815 3309 902 3376 Sunt
916 3309 1027 3392 etiam,
1043 3309 1102 3395 qui
1117 3316 1174 3374 aut
1184 3320 1221 3373 29

165 3411 277 3479 studio
292 3412 341 3478 rei
354 3411 527 3476 familiaris
539 3412 680 3477 tuendae
690 3420 747 3476 aut
758 3411 834 3478 odio
846 3411 989 3498 quodam
1000 3409 1175 3477 hominnm

128 3535 264 3584 ossuum
288 3535 324 3578 se
349 3514 522 3600 negotium
548 3534 644 3600 agere
670 3514 780 3579 dicant
806 3534 867 3578 nee
890 3513 998 3579 facere
1021 3513 1175 3599 cuiquam

166 3615 344 3706 videantur
359 3615 525 3682 iniuriam.
570 3615 638 3693 Qui
656 3615 758 3680 altero
776 3637 897 3701 genere
918 3615 1100 3680 iniustitiae
1122 3637 1175 3679 va·

164 3726 253 3802 cant,
269 3719 302 3783 in
319 3719 669 3806 alterumincurrunt3
691 3718 846 3783 deserunt
863 3718 953 3784 enim
971 3717 1175 3798 vitaesooie-

1190 1631 1212 1700 9

1183 1722 1220 1774 aa
