2710 4374
377 405 447 457 mn.
466 406 504 457 11.
540 405 620 458 cnr.
641 407 729 459 11-13.
766 406 888 468 §roas
1094 409 1135 472 95

119 555 297 622 Adiuncto
321 576 409 638 vero,
428 562 466 620 ut
488 555 578 621 idem
601 557 702 622 etiarn
725 557 904 643 prudentes
926 556 1135 642 haberentur,

120 659 208 723 nihil
223 666 305 742 erat,
321 657 411 744 quod
429 657 580 725 homines
598 659 638 724 iis
656 661 843 727 auctoribus
864 682 931 727 non
951 683 1045 748 posse
1062 682 1137 728 con·

121 762 217 848 sequi
232 783 267 826 se
283 761 530 826 arbitrarentur.
573 761 675 827 Omni
691 762 795 848 igitur
808 763 936 829 ratione
951 762 1088 830 colenda
1102 772 1137 830 et

121 864 297 929 retinenda
312 863 438 928 iustitia
456 871 506 929 est
524 885 600 930 curn
619 865 690 951 ipsa
707 886 768 952 per
781 886 851 932 sese
869 865 960 950 (narn
979 865 1075 932 aliter
1089 867 1136 931 in·

100 966 216 1031 ustitia
233 987 301 1032 non
319 966 426 1052 esset),
445 973 518 1031 tum
536 973 674 1054 propter
691 966 982 1054 amplificationem
1001 968 1136 1035 honoris

123 1077 160 1134 et
184 1068 318 1156 gloriae.
365 1069 431 1134 Sed
455 1077 494 1134 ut
519 1069 679 1156 pecuniae
704 1091 772 1136 non
798 1071 1003 1158 quaerendae
1028 1071 1135 1137 solum

123 1172 210 1236 ratio
236 1180 296 1254 est,
323 1161 569 1238 verumetiam
597 1171 813 1257 collocandae,
845 1195 929 1261 quae
958 1167 1136 1262 perpetuos

124 1282 278 1360 sumptus
295 1274 497 1362 suppeditet,
521 1297 583 1343 neo
608 1274 715 1343 solum
732 1277 938 1359 necessarios,
954 1277 1011 1342 sed
1034 1277 1135 1342 etiam

123 1375 286 1459 liberales,
302 1377 348 1443 sie
362 1376 467 1463 gloria
486 1385 519 1443 et
537 1378 724 1463 quaerenda
741 1386 775 1444 et
797 1378 987 1445 collocanda
1007 1379 1135 1445 ratione

88 1487 185 1544 uest.
239 1479 448 1566 Quamquam
481 1480 646 1568 praeclare
677 1477 826 1548 Socrates
845 1479 943 1546 lraue
975 1481 1065 1545 viam
1094 1481 1183 1546 ad43

123 1580 265 1668 gloriam
296 1583 480 1668 proximam
510 1591 544 1648 et
576 1583 669 1670 quasi
697 1581 976 1669 compendiariam
1005 1582 1137 1648 dicebat

124 1705 205 1766 esse,
217 1683 244 1748 si
259 1684 333 1770 quis
347 1684 382 1748 id
394 1691 515 1772 ageret,
528 1693 575 1769 ut,
588 1685 695 1772 qualis
706 1684 820 1750 haberi
833 1683 942 1767 vellet,
955 1683 1029 1750 talis
1041 1692 1135 1750 esset.

125 1788 255 1866 Quodsi
273 1789 331 1875 qui
353 1775 563 1860 simulatione
586 1798 620 1856 et
643 1791 735 1856 inani
759 1790 979 1856 ostentatione
1001 1797 1035 1856 et
1058 1789 1137 1857 ficto

125 1912 193 1956 non
210 1891 310 1956 modo
322 1913 482 1975 sermone,
494 1892 552 1958 sed
567 1895 668 1958 etiam
681 1892 774 1958 voltu
788 1892 938 1958 stabilem
951 1914 985 1958 se
996 1891 1137 1980 gloriam

91 2020 117 2061 15
125 1995 284 2080 consequi
299 2015 394 2080 posse
408 2003 534 2078 rentur,
547 1994 762 2088 vehementer
775 2003 895 2061 errant.
929 1995 1020 2068 Vera
1030 1995 1137 2084 gloria

126 2097 253 2162 radices
267 2098 337 2183 agit
352 2105 451 2184 atque
466 2099 573 2164 etiam.
583 2105 791 2186 propagatur,
808 2098 885 2164 fieta
900 2099 1011 2164 omnia
1025 2099 1137 2166 eeleri-

125 2207 178 2264 ter
201 2206 370 2286 tamquam
391 2199 519 2266 flosculi
541 2200 709 2283 decidunt,
728 2201 1002 2286 neopsimulatum
1025 2209 1137 2289 potest

125 2302 306 2388 quicquam
334 2294 402 2368 esse
428 2303 633 2368 diuturnum.
679 2303 793 2370 Testes
819 2313 897 2370 sunt
920 2304 1077 2391 permulti
1099 2305 1135 2368 in

124 2399 303 2492 utramque
318 2413 456 2492 partem,
472 2405 529 2471 sed
548 2406 718 2472 brevitatis
735 2428 831 2473 cause
845 2407 973 2473 familia
988 2407 1136 2474 conteuti

91 2509 251 2574 coerimus
273 2529 349 2573 una.
395 2508 447 2574 ri.
463 2509 553 2574 enim
572 2509 741 2575 Gracchus
759 2509 798 2574 P.
815 2509 840 2574 f.
860 2517 927 2574 tam
946 2509 1005 2574 diu
1027 2509 1137 2574 lauda·

125 2613 227 2694 bitur,
250 2611 331 2676 dum
354 2611 512 2676 memoria
533 2634 644 2677 rerum
666 2611 892 2676 Romanarum
913 2611 1081 2692 manebit3
1103 2618 1138 2675 at

124 2715 198 2780 eius
208 2713 272 2778 filii
284 2735 344 2780 nee
356 2715 425 2780 vivi
437 2715 662 2801 probabantur
673 2714 768 2780 bonis
780 2721 813 2778 et
824 2714 948 2780 mortui
960 2733 1137 2779 numerum

124 2817 280 2904 optinent
305 2817 378 2882 iure
407 2839 584 2883 caesorum.
630 2817 698 2894 Qui
726 2817 830 2902 igitur
859 2815 995 2902 adipisci
1024 2836 1136 2880 veram
1149 2825 1192 2894 13

123 2921 267 3008 gloriam
284 2910 391 3002 uolet,
411 2920 556 2986 iustitiae
578 2920 740 3006 fungatur
757 2919 881 2984 officiis.
926 2917 974 2983 Ea
992 2939 1075 3004 quae
1093 2939 1139 2984 ee

90 3029 209 3105 assent,
226 3023 353 3088 dictum
372 3030 421 3088 est
439 3023 474 3086 in
489 3023 574 3090 libro
589 3023 766 3110 superiore.

171 3125 237 3191 Sed
256 3133 293 3190 ut
310 3112 481 3208 facillime,
497 3125 608 3212 quales
626 3126 743 3214 simus,
760 3124 841 3191 tales
863 3145 932 3190 esse
954 3099 1209 3243 videamurdffl

124 3229 190 3294 etsi
207 3229 242 3292 in
261 3249 300 3293 eo
318 3229 391 3314 ipso
408 3229 461 3293 vis
477 3229 622 3295 maxima
644 3237 703 3312 est,
721 3236 758 3294 ut
775 3229 877 3294 simus
894 3227 930 3310 ii,
948 3229 1006 3314 qui
1025 3227 1139 3294 haberi

125 3330 279 3413 velimus,
295 3344 407 3396 tamen
426 3331 586 3418 quaedam
602 3340 775 3418 praecepta
793 3330 901 3396 danda
916 3339 1003 3396 suut.
1047 3330 1138 3398 Nam

124 3434 154 3498 si
172 3435 247 3521 quis
265 3436 307 3500 ab
325 3434 463 3500 ineunte
485 3441 592 3500 aetate
613 3433 713 3500 habet
735 3455 864 3500 oausam
883 3433 1082 3500 celebritatis
1104 3440 1138 3498 et

87 3537 272 3602 conomiuis
287 3544 346 3601 ant
360 3557 379 3600 a
394 3544 487 3622 patre
502 3543 680 3624 acceptam,
696 3535 787 3623 quod
801 3536 873 3614 tibi,
891 3536 936 3600 mi
949 3536 1075 3618 Cicero,
1092 3556 1139 3599 ar-

124 3639 232 3706 bitror
246 3627 434 3724 contigisse,
447 3623 504 3705 aut
518 3639 628 3725 aliquo
644 3660 719 3704 casu
732 3647 830 3724 atque
845 3637 989 3720 fortuna,
1002 3639 1037 3702 in
1049 3637 1139 3703 hune

125 3741 215 3808 oculi
239 3729 390 3808 omnium
414 3741 624 3832 coniciuntur
648 3748 747 3828 atque
768 3741 803 3804 in
830 3761 918 3822 eum,
941 3739 1022 3825 quid
1051 3747 1137 3823 agat,
