2710 4374
397 405 467 457 nra.
486 405 524 456 m
560 404 640 457 cm).
660 407 686 470 r,
703 407 729 458 a.
765 403 855 467 §aa
1088 405 1129 470 ει

114 555 186 623 sin'e
204 561 276 620 arte
293 554 387 621 nulla
404 556 457 639 sit,
469 555 645 622 hominum
663 562 713 622 est
730 576 847 643 parum
865 555 1068 624 considerate
1085 554 1130 622 lo

114 657 289 747 quentium
312 667 414 744 atque
431 660 468 724 in
485 658 650 725 maxumis
667 659 765 724 rebus
783 659 975 725 errantium.
1020 659 1057 725 Si
1076 680 1130 725 an·

113 771 184 832 tem
199 769 249 828 est
264 760 376 848 aliqua
390 761 566 849 disciplina
580 761 724 845 virtutis,
732 763 791 828 ubi
805 783 844 829 ca
858 771 1043 849 quaeretur,
1053 783 1129 830 eum

116 864 237 934 abhoc
253 865 404 952 discendi
421 887 543 952 genere
560 865 767 932 discesserisl
811 866 877 932 Sed
892 865 981 950 haec,
993 889 1069 933 cum
1087 866 1130 932 ad

88 965 367 1055 sphilosophiam
388 967 607 1052 cohortamur,
624 968 806 1034 accuratius
819 969 989 1056 disputari
1011 969 1128 1052 solent,

116 1069 208 1157 qnod
227 1069 293 1134 alio
312 1068 457 1156 quodam
475 1070 561 1137 libro
581 1071 742 1154 fecimus3
764 1070 828 1138 hoc
848 1080 960 1138 autem
980 1080 1130 1160 tempore

115 1180 250 1238 tautum
266 1172 362 1238 nobis
376 1172 610 1257 declarandum
625 1173 703 1257 fuit,
716 1195 775 1240 cur
792 1175 899 1241 orbati
914 1174 1131 1262 reipublicae

114 1275 310 1341 muneribus
327 1274 368 1340 ad
386 1274 449 1343 boc
465 1297 527 1344 nos
547 1276 696 1342 studium
714 1277 921 1364 potissimum
940 1279 1129 1346 contulisse

115 1399 203 1443 mus.
251 1377 445 1444 Occurritur
465 1386 578 1445 autem
599 1379 705 1464 nobis,
721 1386 755 1446 et
772 1381 908 1466 quidem
929 1403 948 1447 a
967 1382 1072 1448 doctis
1093 1387 1155 1448 etl

74 1480 257 1548 ineruditis
279 1482 521 1569 quaerentibus,
537 1482 659 1550 satisne
681 1490 870 1549 constanter
890 1483 999 1550 iacere
1021 1484 1129 1550 videa·

114 1603 204 1666 mur,
223 1583 291 1670 qui,
310 1605 386 1650 cum
408 1585 534 1671 percipi
556 1584 642 1650 nibil
663 1585 765 1671 posse,
784 1583 942 1668 dicamus,
961 1592 1072 1650 tamon
1094 1591 1129 1652 et

115 1685 192 1752 aliis
209 1685 251 1752 de
272 1687 370 1752 rebus
390 1686 547 1754 disserere
568 1686 731 1754 soleamus
752 1695 787 1754 ot
804 1686 868 1753 boc
884 1687 957 1774 ipso
979 1694 1129 1775 tempore

115 1796 293 1876 praecepta
321 1788 420 1855 officii
445 1811 690 1877 persequamur.
746 1789 877 1868 Quibus
900 1789 1023 1857 vellem
1051 1791 1128 1858 satie

116 1893 253 1979 cognita
277 1901 362 1958 esset
384 1897 495 1959 nostra'
517 1894 691 1959 sententia.
734 1891 814 1960 Non
841 1893 931 1960 enirn
957 1915 1071 1960 sumus
1091 1894 1127 1978 ii,

79 2015 261 2082 inquorum
284 2003 423 2082 vagetur
446 1995 577 2062 animus
603 2017 712 2062 errore
734 2016 795 2062 nec
816 1994 934 2062 babeat
957 2019 1127 2085 umquam,

116 2097 201 2185 quid
223 2107 387 2184 sequatur.
432 2098 526 2177 Quae
548 2099 639 2165 euim
661 2106 746 2166 esset
768 2100 829 2166 ista
850 2121 944 2167 mens
965 2100 1020 2167 vel
1041 2122 1128 2188 quae

116 2201 189 2266 vita
210 2201 322 2287 potius
347 2221 414 2266 uon
441 2201 540 2266 modo
566 2201 766 2288 disputandi,
785 2203 842 2268 sed
867 2203 967 2270 etiam
991 2203 1127 2270 vivendi

115 2289 247 2370 ratione
268 2301 416 2370 sublatai
458 2302 531 2370 Nos
552 2311 674 2388 autem,
689 2312 728 2369 ut
747 2305 848 2371 ceteri
868 2305 931 2372 alia
950 2314 1048 2390 certa,
1063 2305 1128 2372 alia

115 2405 329 2472 ineertaesse
347 2405 536 2488 dicuntsic
555 2406 597 2473 ab
614 2405 667 2472 bis
678 2407 914 2474 'dissentientes
933 2408 996 2474 alia
1012 2407 1144 2496 proba-¹

81 2507 341 2591 nobilia,ocnt1·a
366 2508 430 2574 alia
451 2509 601 2575 dicimus.
646 2509 737 2588 Quid
760 2518 810 2577 est
831 2511 943 2596 igitur,
961 2511 1051 2596 quod
1072 2524 1155 2576 mee

115 2609 280 2697 impediat
291 2632 338 2694 ea,
346 2631 431 2697 quae
442 2610 625 2698 probabilia
639 2611 723 2677 milri
735 2612 919 2694 videantur,
930 2612 1034 2697 sequi,
1043 2632 1128 2698 quae

117 2721 242 2796 contra,
257 2711 433 2800 inprobare
452 2721 553 2800 atque
570 2713 767 2780 adfirmandi
786 2711 1007 2798 arrogantiam
1026 2713 1129 2778 vitan-

116 2821 187 2881 tem
206 2815 323 2902 iugere
341 2816 572 2899 temeritatem,
585 2835 671 2902 quae
687 2835 708 2880 a
724 2813 887 2901 supientia
903 2811 1041 2880 dissidet
1058 2814 1129 2901 plu-

117 2917 263 2983 rimumi
307 2917 432 2985 Oontra
459 2924 570 2985 autern
599 2917 712 2984 omnia
739 2916 973 3003 disputatura
998 2917 1128 3002 nostris,

83 3019 208 3106 acquod
226 3017 289 3087 boc
309 3019 419 3107 ipsum
437 3019 608 3108 probabile
630 3019 759 3087 elucere
779 3040 846 3085 nou
865 3026 985 3106 posset,
1001 3021 1066 3086 uisi
1087 3043 1129 3088 ex

117 3128 259 3207 utraque
283 3132 377 3209 parte
402 3145 572 3190 causarum
601 3130 685 3190 esset
710 3122 799 3188 iacta
826 3123 1007 3190 contentio.
1062 3124 1129 3192 Sed

116 3223 199 3290 haec
217 3224 392 3312 explanata
408 3234 486 3294 sunt
504 3227 539 3291 in
558 3225 769 3293 Academicis
786 3226 906 3294 nostris
922 3228 1010 3312 satis,
1026 3236 1064 3294 ut
1082 3250 1130 3293 ar-

116 3327 232 3411 bitror,
248 3326 436 3414 diligenter.
481 3327 558 3396 Tibi
578 3335 700 3413 antem,
715 3329 764 3395 mi
784 3328 911 3414 Oicero,
925 3351 1129 3419 quamquam

116 3430 153 3496 in
182 3430 411 3517 antiquissima
438 3431 707 3519 nobilissimaque
735 3431 944 3520 philosophia
969 3434 1130 3522 Cratippo

83 3541 252 3600 mauctore
271 3535 411 3603 versaris
430 3535 472 3602 iis
493 3535 673 3620 simillime,
689 3537 748 3622 qui
767 3535 830 3601 ista
847 3535 1012 3623 praeclara
1033 3558 1130 3624 pepe-

116 3643 243 3720 rerunt,
259 3643 371 3704 tamen
388 3636 475 3704 haee
488 3645 600 3704 nostra
616 3637 771 3704 finituma
788 3638 907 3704 vestris
926 3638 1042 3736 ignota
1060 3659 1130 3706 esse

116 3737 222 3806 nolui.
267 3738 334 3806 Sed
348 3739 415 3806 iarn
429 3740 471 3807 ad
486 3741 639 3808 instituta
653 3761 838 3829 pergamus.

601 3843 646 3907 μ’
