2710 4374
361 413 432 463 nna
451 407 489 464 rr
507 437 509 444 ι
524 411 604 464 cnr.
624 415 666 475 ιο,
682 415 722 464 11.
758 411 880 474 §as-ro
1085 405 1127 476 93

105 563 247 630 maioris
260 561 366 650 partis
380 559 508 627 animos
522 583 541 628 a
555 563 686 628 virtnte
698 551 897 650 detorquent
915 567 959 646 et,
974 561 1144 628 dolorum-

105 689 189 734 oum
205 663 542 744 admoventnrfaeoe,
557 661 839 752 praetermodum
855 657 1006 752 plerique
1024 657 1128 730 exterss

106 776 249 850 rentur3
272 767 342 831 vita
359 787 459 850 mors,
478 761 616 832 divitiae
640 775 815 854 paupertas
838 787 953 833 omnes
975 765 1127 832 homines

108 868 408 936 vehementissime
433 876 640 956 permovent.
686 869 780 948 Quae
807 869 865 956 qni
891 869 927 933 in
953 875 1127 955 ntramqne

83 980 243 1060 spartem
267 969 397 1037 excelso
420 971 543 1049 animo„
554 989 742 1058 magnoque
764 971 960 1058 despiciunt,
983 991 1127 1058 eumque

109 1075 225 1161 aliqua
241 1073 283 1139 iis
300 1072 410 1160 ample
427 1081 462 1139 et
479 1073 617 1140 honesta
634 1095 687 1140 res
704 1075 832 1141 obieeta
848 1082 908 1157 est,
924 1069 1012 1140 totos
1029 1073 1070 1138 ad
1092 1095 1127 1139 se

110 1176 280 1244 convertit
295 1183 329 1241 et
344 1175 441 1262 rapit,
457 1182 530 1240 tum
549 1175 624 1262 quis
637 1197 705 1268 non
721 1176 903 1242 admiretur
917 1175 1127 1263 splendorem

111 1277 467 1366 pulchritudinemque
486 1278 643 1344 virtutisi
687 1273 776 1366 Ergo
787 1287 829 1352 jet
846 1279 926 1345 llaec
948 1248 1175 1391 amida-{3}

111 1383 289 1470 spicientia
315 1381 607 1446 admirabilitatem
633 1377 786 1468 maguam
809 1371 891 1447 iacit
912 1388 947 1446 et
973 1373 1129 1446 maxume

75 1485 253 1566 iniustitia,
270 1505 311 1550 ex
327 1503 392 1570 qua
407 1503 474 1548 nna
492 1484 617 1550 virtute
630 1485 696 1549 -viri
712 1485 790 1550 boni
806 1477 1024 1570 appellantur,
1041 1482 1129 1546 miri*

112 1587 178 1653 fica
198 1587 362 1673 quaedam
382 1585 759 1673 multitudinijvidetur,
783 1607 845 1651 neo
867 1585 1006 1666 iniuria;
1029 1605 1128 1650 nemo

113 1690 207 1755 enim
222 1690 329 1754 iustus
344 1687 413 1754 esse
430 1685 549 1776 potest,
569 1683 627 1775 q'ui
646 1695 797 1772 mortem,
816 1687 875 1774 qui
893 1686 1051 1769 dolorem,
1070 1686 1128 1773 qni

114 1791 267 1875 exilium,
283 1791 341 1877 qui
356 1788 542 1878 egestatem
552 1792 658 1874 timet,
675 1798 732 1856 aut
747 1790 805 1878 qui
820 1812 868 1872 ea,
885 1811 969 1876 quae
984 1796 1061 1854 sunt
1076 1788 1131 1854 his

114 1895 293 1976 contraria,
306 1894 464 1980 aequitati
481 1894 662 1980 anteponit.
695 1892 909 1979 Maximeque
923 1892 1129 1958 admirantur

79 2019 205 2079 meum,
218 1996 277 2082 qui
292 1997 433 2082 peennia
446 2017 514 2061 non
530 1991 702 2079 movetnr3
721 1995 809 2082 qnod
828 1989 949 2083 inquo
968 1995 1040 2060 viro
1057 2017 1128 2081 per·

114 2106 268 2186 spectum
286 2099 340 2180 sit,
355 2097 445 2164 huno
463 2095 535 2184 igni
553 2105 737 2185 spectatum
755 2099 965 2165 arbitrantur.
1010 2096 1128 2184 Itaque
1179 2161 1182 2166 .

115 2200 175 2265 illa
191 2201 265 2282 tria,
281 2221 366 2286 quae
380 2201 548 2286 proposita
563 2201 696 2275 suntad
711 2198 861 2288 gloriam,
877 2199 988 2267 orrinia
1003 2195 1129 2264 institia

116 2301 262 2386 confiuit,
276 2306 309 2368 et
324 2303 593 2387 benivolentiam,
606 2303 695 2390 quod
710 2297 863 2390 prodesse
879 2303 951 2368 vult
966 2302 1127 2390 plurimis,

117 2413 151 2470 et
167 2407 217 2471 Ob!
227 2405 366 2470 eandem
380 2427 509 2471 oausam
525 2403 625 2471 fidem
642 2415 676 2472 et
693 2407 954 2488 admirationem,
970 2405 1060 2491 qnod
1075 2423 1130 2469 eas

84 2531 170 2575 nores
197 2508 325 2594 spernit
346 2516 385 2573 et
409 2508 567 2596 neglegit,
586 2509 626 2574 ad
651 2507 732 2596 quas
757 2509 908 2596 plerique
933 2505 1130 2572 inflammati

117 2611 278 2676 aviditate
293 2611 476 2698 rapiuntur.
494 2611 497 2618 ’

161 2714 217 2780 Ac
232 2735 305 2779 mea
316 2713 450 2800 quidem
465 2715 629 2780 sententia
640 2713 749 2780 omnis
761 2713 843 2779 ratio
855 2719 954 2798 atque
965 2711 1130 2776 institutio
1140 2724 1177 2777 39

119 2817 210 2882 vitae
231 2816 420 2895 adiumenta
442 2813 615 2882 hominum
638 2815 811 2898 desiderat,
828 2814 865 2878 in
890 2813 1071 2900 primisque
1093 2819 1130 2878 nt

119 2918 251 3000 habeat,
264 2919 461 3004 quibuscum
476 2917 580 3006 possit
595 2916 773 2983 familiares
785 2915 1129 2997 eonfe1·roser1nones;

88 3021 210 3108 nequod
228 3028 277 3086 est
295 3019 437 3104 difficile,
454 3021 518 3086 nisi
539 3021 683 3108 speeiem
705 3042 784 3108 prae
802 3025 835 3086 te
854 3020 933 3086 boni
951 3019 1015 3084 viri
1032 3009 1132 3085 feras,

70 3199 74 3203 ,
121 3123 212 3210 Ergo
227 3123 327 3188 etiarn
343 3123 488 3190 solitario
500 3122 742 3210 hominiatqne
755 3124 884 3210 in-agro
900 3123 1129 3210 vitam-agenti

121 3226 235 3314 opinio
251 3226 396 3292 institiae
411 3227 590 3293 necessaria
605 3235 663 3310 est,
676 3249 780 3314 eoque
792 3228 890 3292 etiarn
904 3227 1016 3313 magis,
1030 3227 1128 3313 qnod,

121 3351 193 3397 eam
209 3329 238 3394 si
252 3335 318 3394 nen
335 3329 514 3412 habebunt,
532 3331 661 3414 [iniusti
676 3329 909 3415 habebuntnq]
927 3329 1026 3394 nullis
1041 3351 1130 3416 prae·

120 3431 213 3498 sidiis
227 3433 332 3519 saepti
347 3432 462 3498 multis
476 3433 660 3499 afficientur
670 3431 809 3500 iniuriis.
841 3429 957 3520 Atque
967 3433 1008 3499 iis
1019 3435 1128 3516 etiam,
1139 3449 1177 3504 40

87 3535 179 3622 aequi
195 3534 347 3600 vendunt
362 3543 488 3619 emunt,
504 3534 692 3602 conducunt
707 3533 817 3602 locant
835 3536 1130 3623 contrahendisque

121 3638 263 3725 negotiis
280 3637 503 3724 implicantur,
523 3637 649 3704 institia
666 3639 708 3704 ad
730 3659 800 3704 rem
822 3640 998 3725 gerendam
1021 3661 1130 3704 neees-

121 3741 203 3806 saria
230 3739 405 3820 satanins
428 3747 520 3820 tanta
546 3741 597 3807 vis
623 3748 682 3824 est,
701 3748 739 3806 ut
764 3762 807 3806 ne
831 3738 880 3804 illi
907 3739 1051 3826 quidem,
1070 3743 1129 3824 qni
