2710 4374
182 323 226 393 92
574 316 625 369 na
647 315 802 370 osricus

136 441 182 588 ἐξ
229 469 295 538 Sed
310 467 442 556 nequis
459 466 502 534 sit
519 465 710 550 admiratus,
719 486 790 550 eur,
801 487 879 533 oum
893 465 982 534 inter
996 487 1113 534 omnes
1126 467 1206 556 phi

184 572 337 662 losophos
362 577 490 638 constet
511 593 531 636 a
553 591 672 657 meque
693 570 766 657 ipso
790 591 887 657 saepe
909 570 1118 657 disputatum
1147 572 1203 656 sit,
1303 582 1309 591 '

185 676 243 764 qui
262 696 362 740 unam
379 673 525 756 haberet,
541 693 656 738 omnes
673 670 795 738 habere
813 674 963 754 virtutes,
979 693 1070 740 nuno
1089 674 1138 738 ita
1157 695 1205 739 se·

185 776 441 866 tangamque
461 775 562 862 possit
580 774 765 861 quisquam,
781 775 839 861 qui
857 795 924 839 nou
942 773 1032 838 idem
1049 775 1205 862 prudeus

186 883 239 964 sit,
251 882 356 946 iustus
373 899 452 962 esse,
464 877 528 944 alia
545 885 595 944 est
609 876 676 960 illa,
688 897 765 942 oum
780 875 901 942 veritas
918 876 990 962 ipsa
1007 877 1150 943 limatur
1168 880 1204 943 in
1223 900 1236 942 s

186 983 419 1072 disputatione,
430 979 605 1062 subtilitas,
615 979 687 1062 alia,
700 1000 777 1045 oum
792 978 834 1060 ad
845 977 1038 1066 opinionem
1049 1003 1206 1058 eommu-

186 1108 265 1152 nem
286 1085 394 1151 omnis
416 1081 682 1150 accommodatur
703 1081 831 1169 oratio.¹
863 1081 974 1160 Quam
996 1083 1040 1148 ob
1061 1104 1148 1165 rem,
1165 1092 1207 1148 ut

187 1187 316 1276 volgus,
328 1187 375 1252 ita
396 1207 457 1253 nos
474 1185 537 1252 hoo
554 1184 627 1251 loeo
644 1183 823 1270 loquimur,
835 1191 874 1250 ut
891 1184 972 1252 alios
989 1184 1108 1268 fortes,
1120 1186 1207 1257 alios

188 1290 276 1356 viros
290 1291 403 1372 bonos,
415 1287 496 1354 alios
513 1286 694 1374 prudentes
711 1285 781 1352 e'sse
795 1286 960 1370 dieamus;
982 1287 1207 1374 popularibus

188 1393 280 1459 enim
298 1391 407 1458 vorbis
424 1397 473 1457 est
488 1387 655 1476 agendum
673 1395 707 1454 et
724 1388 862 1468 usitatis,
874 1411 952 1454 oum
969 1389 1143 1476 loquimur
1163 1390 1239 1456 dero

190 1495 347 1583 opinione
364 1491 526 1581 populari,
538 1491 640 1578 idque
658 1489 775 1556 eodem
793 1491 892 1558 modo
910 1491 990 1558 feeit
1007 1491 1206 1560 Panaetius.

142 1611 180 1666 at
191 1597 256 1668 Sed
275 1597 317 1664 ad
335 1595 540 1684 propositum
555 1601 770 1660 revertamur.
814 1593 895 1662 Erat
912 1595 1070 1682 igiturex
1089 1596 1132 1662 iis
1148 1596 1209 1661 tri-

190 1702 261 1784 bus,
277 1720 361 1788 quae
378 1697 419 1764 ad
436 1696 576 1784 gloriam
594 1697 810 1784 pertinerent,
822 1695 886 1764 hoo
902 1698 1049 1781 tertium,
1064 1705 1106 1764 ut
1124 1720 1210 1764 cnm

190 1801 406 1869 admiratione
421 1798 594 1865 hominum
609 1798 733 1865 honore
747 1799 789 1865 ab
804 1799 845 1865 iis
859 1799 951 1887 digni
967 1799 1210 1866 iudicaremur.

190 1905 411 1972 Admirantur
422 1902 525 1988 igitur
539 1901 758 1970 communiter
772 1901 821 1966 illi
833 1902 969 1989 quidem
985 1903 1107 1985 omnia,
1117 1925 1248 1990 quaeat

191 2027 311 2094 magna
336 2013 370 2072 et
395 2012 525 2092 praetor
550 2004 742 2092 opinionem
763 2025 857 2070 suam
883 2006 1212 2090 animadverterunt,

190 2107 367 2195 separatim
387 2114 508 2190 autem,
523 2106 560 2172 in
577 2106 716 2194 singulis
737 2106 763 2172 si
782 2107 988 2194 perspiciunt
1006 2108 1214 2194 necopinata

191 2209 353 2298 quaedam
371 2210 468 2276 bona
512 2208 631 2296 Itaque
648 2230 705 2276 eos
719 2209 808 2275 viros
826 2209 1009 2297 suspiciunt
1024 2212 1215 2286 maxumis-

191 2334 257 2401 que
278 2311 429 2379 ecferunt
445 2311 607 2395 laudibus,
623 2311 657 2376 in
675 2305 797 2398 quibus
818 2313 1019 2378 existumant
1041 2335 1075 2379 se
1098 2315 1215 2380 excel-

190 2416 297 2482 lentes
311 2414 468 2502 quasdam
486 2422 520 2480 et
535 2413 717 2502 singulares
730 2415 916 2502 perspicere
933 2417 1083 2500 virtutes,
1095 2417 1214 2504 despi-
1223 2446 1252 2486 ao

192 2519 284 2587 ciunt
294 2527 407 2586 antem
421 2538 476 2584 eos
491 2525 525 2584 et
539 2525 768 2601 contemnunt,
779 2517 813 2581 in
825 2518 945 2605 quibus
960 2519 1045 2584 nihil
1057 2520 1214 2606 virtutis,

191 2622 276 2690 nihil
291 2621 404 2706 animi,
416 2619 500 2685 nihil
515 2627 837 2706 nervorumputant.
881 2619 961 2686 Non
980 2621 1071 2688 enim
1086 2611 1216 2698 omnes

191 2747 247 2794 eos
269 2729 498 2804 contemnunt,
525 2720 567 2786 de
595 2721 716 2808 quibus
741 2720 828 2787 male
854 2723 1066 2790 existumant.
1112 2725 1215 2794 Nam

191 2850 273 2916 quos
295 2827 473 2916 improbos,
496 2823 683 2906 maledicos,
706 2823 937 2892 fraudulentos
959 2835 1082 2912 putant
1104 2836 1141 2894 et
1163 2831 1215 2896 ad

190 2930 374 2996 faciendam
401 2927 559 2994 iniuriam
583 2926 771 3009 instructos,
794 2948 849 2992 eos
870 2925 959 2994 hand
982 2935 1252 2998 contemnentes
1342 2951 1343 2954 ’

191 3029 337 3116 quidem,
352 3028 410 3094 sed
425 3029 467 3094 de
481 3029 523 3094 iis
538 3027 623 3095 male
638 3028 848 3096 existumant.
883 3029 993 3108 Quam
1008 3033 1052 3098 ob
1067 3054 1151 3115 rem,
1167 3043 1214 3102 ut

190 3137 267 3196 ante
282 3129 362 3213 dixi,
374 3137 633 3196 contemnuntur
645 3130 682 3214 ii,
694 3131 753 3217 qui
769 3133 789 3168 “
799 3153 860 3198 neo
871 3133 934 3199 sibi
948 3153 1010 3200 nea
1024 3133 1154 3218 alteri‚’'
1166 3145 1214 3202 ut

190 3232 322 3316 dieitur,
344 3231 380 3297 in
406 3232 527 3318 quibus
549 3233 662 3300 nullus
683 3233 785 3316 labor,
805 3234 897 3301 nulla
918 3236 1093 3321 industria,
1111 3237 1212 3304 nulla

143 3349 180 3410 at
191 3357 269 3404 eura
282 3343 342 3402 est.
374 3335 609 3403 Admiratione
624 3342 735 3402 autem
747 3335 947 3403 adficiuntur
958 3339 993 3421 ii,
1006 3341 1065 3425 qui
1077 3341 1211 3408 anteire

191 3438 307 3504 ceteris
325 3437 448 3504 virtute
466 3447 627 3526 putantur
644 3446 678 3505 at
700 3460 775 3504 eum
799 3440 891 3514 omni
909 3461 1018 3516 carere
1033 3442 1206 3526 dedeoore,
1217 3467 1245 3511 so

192 3547 264 3606 tum
284 3562 362 3608 vero
384 3541 425 3606 iis
438 3541 542 3625 uitiis,
561 3542 681 3629 quibus
703 3540 760 3606 alii
778 3562 845 3606 non
867 3540 966 3608 facile
987 3546 1128 3630 possunt
1151 3547 1207 3612 ob·
1261 3538 1264 3542 ¹

193 3644 316 3711 sistere.
360 3643 449 3710 Nam
479 3651 513 3710 et
539 3644 736 3731 voluptates,
767 3642 1008 3712 blandissumae
1037 3646 1203 3731 dominae,
