2734 4362
420 401 487 452 nin.
504 401 525 454 1.
560 401 755 455 curves-os.
785 400 943 468 ermino.
1141 403 1186 472 sq

171 549 455 635 uolent-ommni
475 552 780 640 intemperantium,
795 553 1018 624 meminerint.
1031 571 1184 622 verecun-

171 657 257 739 diae,
269 654 359 743 quod
370 657 436 722 erit
447 655 588 740 ieoilius,
600 656 629 722 si
643 659 685 724 rie
698 657 736 722 iu
750 657 821 724 eius
836 657 927 726 modi
937 657 1071 744 quidem
1086 658 1185 724 rebus

170 759 312 826 maiores
330 758 543 826 nstunolent
560 760 727 826 interesse.
772 760 914 828 Senibus
930 768 1042 826 sutem
1057 759 1251 828 lubores123

172 857 319 951 eorporis
331 861 514 945 minuendi,
524 863 776 944 exercitationes
789 863 892 947 enimi
904 863 1003 930 etiem
1015 861 1184 950 augendae

145 987 164 1026 s
175 963 350 1046 videntur;
361 964 482 1030 „danda
498 986 710 1053 nerosopere,
726 973 764 1032 nt
785 973 821 1032 et
835 965 960 1032 emioos
981 972 1015 1031 et
1032 964 1184 1032 inventu·

173 1076 253 1132 torn
269 1067 474 1134 etmexi'me
498 1089 569 1134 rem
595 1067 763 1154 publicam
789 1067 930 1136 eorrsilio.
952 1075 986 1134 et
1008 1067 1185 1155 prudentis

171 1190 272 1255 quern
292 1167 663 1255 plurimumndiuvent.
705 1169 805 1238 Nihil
821 1179 933 1238 nutem
949 1171 1056 1258 magis
1071 1191 1184 1236 oeneu-

171 1271 254 1336 dnur
270 1279 320 1336 est
334 1272 511 1356 senectuti,
517 1293 675 1360 quemne
690 1272 842 1360 languori
856 1294 891 1339 se
905 1272 1117 1359 desidiaeque
1130 1271 1184 1338 de

171 1373 250 1455 detq
269 1373 403 1440 luxurie
415 1397 493 1442 vero
507 1398 583 1442 eum
596 1376 688 1442 omni
699 1375 799 1442 aetati
812 1372 928 1462 turpis,
938 1383 1010 1440 tum
1021 1375 1184 1442 senectuti

132 1476 366 1543 infoedissima
389 1487 460 1560 est;
478 1479 546 1550 ein
562 1487 675 1545 autem
700 1478 801 1544 etism
822 1477 1002 1544 libidinum
1025 1477 1185 1564 intempe

170 1579 281 1644 rantis
294 1580 440 1664 secessit,
451 1580 576 1668 duplex
591 1580 716 1647 melum
731 1589 791 1664 est,
801 1579 890 1667 quod
902 1587 937 1646 et
944 1579 1023 1666 ipsa
1035 1587 1186 1646 senectus

171 1681 318 1756 dedecus
333 1683 479 1770 concipit
492 1691 528 1751 et
542 1683 903 1751 feeit-adnleseentinm
916 1679 1184 1770 inpudentiorem

170 1783 472 1874 intemperentiam.
516 1787 570 1854 Ae
588 1809 630 1854 no
643 1787 734 1867 illud
751 1784 1052 1874 quidemslienum
1069 1785 1251 1868 est,de124

172 1889 435 1977 magistratuum,
451 1889 494 1956 de
510 1887 748 1978 *privetorumss
758 1891 802 1956 de
819 1888 969 1974 eivium],
982 1888 1025 1955 de
1042 1887 1185 1974 peregri·

134 2011 299 2058 unorum
309 1991 425 2060 offioiis
442 1991 560 2058 dioere.
592 1992 666 2059 nst
679 1993 783 2080 igitur
796 1993 969 2081 proprium
984 2011 1105 2056 munus
1119 2011 1185 2056 ms·

172 2091 331 2180 gistratus
348 2092 542 2182 intellegere
555 2117 591 2161 se
607 2115 724 2182 gerere
736 2117 916 2183 personam
926 2093 1073 2160 ¹eivitstis
1089 2092 1186 2160 debe

173 2217 277 2284 reque
286 2197 362 2264 eius
377 2197 574 2284 dignitatem
589 2206 624 2263 et
638 2197 739 2268 denus
754 2197 927 2280 sustinere,
938 2217 1070 2262 seruere
1083 2194 1183 2280 leges,

173 2299 247 2364 inlu
258 2299 444 2382 discribere,
453 2299 581 2366 esfidei
596 2322 673 2367 ense
687 2299 861 2367 commisse
873 2299 1073 2366 meminisse.
1111 2297 1185 2364 Pri-

175 2410 288 2466 vetum
310 2408 422 2468 entem
439 2410 576 2488 eportet
594 2424 700 2490 aequo
713 2403 943 2489 etpurieum
966 2400 1095 2468 nivibus
1113 2399 1185 2464 iure

135 2504 288 2570 revivere
308 2525 416 2590 neque
437 2505 706 2572 summissumet
726 2505 891 2572 abieotum
913 2525 1023 2590 neque
1043 2524 1079 2568 se
1100 2501 1186 2568 eofe-

174 2619 314 2689 reutem,
330 2614 403 2672 tum
420 2606 456 2673 in
474 2629 511 2673 re
528 2604 663 2694 publice
681 2628 721 2674 ea
737 2607 833 2689 velle,
846 2608 938 2692 'quse
954 2603 1132 2690 tranquilla
1151 2610 1186 2668 et

174 2704 314 2774 honeste
336 2708 422 2792 sint-3
448 2709 555 2776 telem
574 2709 666 2776 enim
691 2707 835 2774 solemus
860 2716 894 2773 et
916 2705 1039 2770 sentire
1060 2703 1186 2770 bonurn

175 2809 282 2878 civem
300 2819 339 2877 et
357 2807 472 2878 didere.
510 2810 696 2898 Peregrini
715 2817 828 2876 antem
850 2816 959 2895 utque¹
971 2804 1097 2872 ineolae
1118 2800 1254 2876 olli-125

175 2915 265 2980 oium
287 2914 439 2980 estnihil
457 2925 588 3002 praeter
608 2935 707 2979 suum
724 2912 897 3000 negotium
919 2930 1027 2996 egere,
1040 2907 1127 2996 nihil
1143 2909 1185 2974 de

139 3017 430 3104 walionnquirere
447 3017 651 3104 minimeque
668 3037 738 3082 esse
755 3015 791 3080 in
809 3013 917 3081 eliens
933 3011 1117 3100 republica
1133 3033 1186 3082 our

176 3121 311 3186 riosum.
362 3118 417 3186 Ite
435 3119 509 3186 iere
533 3119 641 3186 officie
664 3115 881 3206 reperientur,
900 3137 977 3184 eum
998 3123 1184 3203 quaeretur,

175 3222 257 3308 quid
282 3221 406 3305 decent,
425 3231 460 3288 et
481 3223 562 3308 quid
585 3231 700 3310 aptum
725 3221 771 3287 sit
791 3220 1184 3309 personis,temporibus‚

176 3325 348 3392 aetatibus.
390 3321 488 3390 Nihil
503 3334 553 3390 est
570 3337 692 3408 sutem,
704 3324 794 3411 quod
809 3331 877 3389 tam
896 3323 1019 3406 deoeet,
1032 3343 1132 3409 quam
1148 3321 1184 3386 in

176 3427 269 3493 omni
297 3448 334 3492 re
361 3427 507 3514 gerendo
534 3425 737 3514 oonsilioque
766 3425 941 3568 cupiendo
954 3425 1083 3490 s'ervsre
1111 3445 1185 3491 oon-

143 3529 344 3595 metantium.

220 3630 287 3697 Sed
298 3632 455 3720 quoniam
470 3632 631 3698 denorum
640 3630 749 3697 illud
739 3653 774 3696 m
790 3580 944 3696 omnibus
958 3575 1067 3712 foetis,
1077 3627 1183 3710 dietis,

176 3729 218 3798 iu
230 3733 377 3824 eorporis
393 3730 538 3822 denique
555 3733 650 3801 motu
666 3741 703 3800 et
718 3740 806 3800 statu
823 3731 972 3798 cernitur
987 3730 1105 3819 idque
1102 3728 1186 3818 posi·

1208 3593 1250 3661 tt

1164 3679 1253 3743 ‚ine
