2710 4374
189 366 254 432 154
447 389 450 396 .
559 327 632 414 ¹nu
653 361 807 416 ommis

189 513 315 582 utilitas
328 520 389 600 est,
406 511 593 600 etquidem
611 512 667 597 sic,
683 519 722 578 ut
738 511 820 578 haec
841 510 908 577 duo
931 511 1033 580 verbo
1054 510 1139 578 inter
1155 534 1191 580 se

142 631 179 688 sl
188 617 384 704 discrepare,
399 637 435 682 re
449 637 554 682 uuum
569 635 685 682 sonere
700 613 885 680 videantur.
930 613 1009 692 Non
1026 613 1137 698 habeo,
1150 616 1192 680 ad

189 717 282 806 volgi
307 718 498 806 opinionem
524 738 610 804 quae
631 717 737 783 maior
758 715 885 782 utilitas
911 737 1010 802 quam
1038 717 1193 802 regnandi

190 843 260 888 esse
274 821 393 910 possit3
408 819 493 885 nihil
508 827 621 886 contra
635 817 787 884 inutilius
801 819 843 902 ei,
859 819 918 906 qui
935 818 970 883 id
988 817 1111 884 iniuste
1125 841 1195 886 eon-

191 931 323 990 seoutus
343 922 397 1005 sit,
415 921 561 1005 invenio,
579 943 654 988 cum
676 921 717 986 ad
734 920 908 986 veritatem
930 921 1024 1007 coepi
1047 941 1194 987 revocare
1211 943 1223 984 s

192 1025 364 1092 rationem.
408 1022 555 1090 Possunt
572 1024 662 1090 enim
679 1022 833 1110 cuiquam
851 1045 921 1088 esse
938 1023 1037 1088 utiles
1051 1044 1193 1109 angores,

192 1125 442 1209 sollicitudines,
454 1125 567 1192 diurni
578 1133 612 1193 et
627 1125 780 1192 nocturni
791 1134 911 1209 metns,
924 1125 992 1190 vita
1007 1125 1196 1191 insidiarum

192 1228 482 1318 periculorumque
497 1227 711 1317 plenissimel
954 1232 958 1239 '

308 1340 396 1396 Multi
407 1339 500 1412 iniqui
511 1344 596 1412 utque
607 1338 738 1396 rnudsles
749 1342 845 1412 reguo,
856 1339 941 1412 psuci
953 1338 1087 1409 benivoli,

193 1439 305 1527 iuquit
329 1439 461 1507 Accius
506 1438 557 1504 At
581 1438 636 1506 cui
662 1437 787 1525 regnet
831 1437 932 1516 Quod
954 1458 975 1503 a
1000 1435 1141 1503 Tantalo
1167 1443 1229 1502 etn

193 1540 320 1630 Pelope
330 1541 501 1629 proditum
515 1541 588 1608 iure
601 1542 822 1628 optinebetur.
856 1539 946 1606 Nam
958 1548 1086 1628 quanto
1100 1539 1200 1626 pluris

193 1646 226 1714 ei
252 1646 323 1733 regi
348 1652 454 1732 putas,
477 1644 536 1732 qui
560 1643 708 1710 exercitu
729 1643 846 1731 populi
871 1643 1016 1710 Romani
1041 1642 1200 1731 populum

193 1747 304 1834 ipsum
322 1746 512 1816 &manum
529 1746 742 1834 oppressisset
763 1745 997 1833 civitatemque
1018 1766 1087 1812 non
1106 1745 1201 1812 modo

195 1848 344 1933 liberam,
367 1849 424 1915 sed
448 1849 548 1914 etiam
569 1849 726 1936 gentibus
747 1849 965 1935 imperantem
991 1847 1116 1914 seruire
1142 1847 1202 1914 eibi

148 1951 377 2038 escoegissett
420 1949 523 2018 Hune
544 1959 582 2016 tu
599 1969 680 2037 quas
698 1951 915 2017 conscientiae
932 1950 1022 2017 labes
1039 1950 1074 2014 in
1093 1950 1229 2015 animoa

196 2074 309 2121 censes
323 2052 485 2136 habuisse,
500 2073 585 2140 quae
603 2051 762 2118 vulneret
806 2051 910 2120 Ouius
926 2061 1038 2118 eutem
1053 2051 1124 2117 vita
1141 2051 1201 2138 ipsi

196 2161 307 2243 potest
332 2153 424 2220 utilis
446 2175 526 2236 esse,
549 2175 626 2221 enm
648 2154 719 2221 eius
742 2154 829 2221 vitae
850 2177 889 2220 ea
910 2154 1059 2222 condicio
1080 2155 1134 2236 sit,
1156 2163 1201 2236 nt,

196 2256 256 2344 qui
277 2255 368 2321 illam
384 2255 552 2343 eripuerit,
568 2256 604 2322 in
621 2256 766 2322 maxima
783 2264 818 2323 et
833 2257 941 2344 grstia
957 2256 1094 2322 futurus
1110 2256 1154 2321 sit
1170 2263 1202 2322 et

196 2357 324 2446 glorial
368 2357 496 2436 Quodsi
518 2357 599 2425 haec
627 2357 723 2425 utilia
747 2380 814 2426 non
841 2367 929 2443 sunt,
952 2359 1203 2447 quae‘maxime

198 2459 364 2544 videntur,
391 2459 470 2548 quia
491 2459 590 2548 plena
611 2468 690 2526 sunt
718 2460 887 2528 dedecoris
912 2483 949 2529 ac
977 2460 1230 2548 turpitudinem

197 2564 275 2632 setis
289 2583 481 2652 persuasum
502 2583 573 2630 esse
594 2561 694 2630 debet
715 2563 799 2628 nihil
827 2585 897 2630 esse
918 2563 1010 2647 utile,
1025 2563 1117 2650 qnod
1139 2585 1205 2630 non,

201 2667 377 2734 honestum
391 2666 445 2732 sit.

150 2737 196 2804 ²²
243 2770 453 2858 eramquam
469 2769 505 2835 id
522 2767 659 2856 quidem
678 2789 753 2833 oum
773 2789 870 2855 saepe
887 2768 976 2852 alias,
991 2777 1065 2837 tum
1082 2768 1202 2857 Pyrrhi

151 2827 286 2940 86bello
308 2896 328 2939 a
350 2873 388 2940 O.
404 2871 556 2940 Fabricio
574 2869 708 2938 consule
729 2871 850 2937 iterum
868 2877 902 2937 et
919 2891 939 2936 a
956 2881 1072 2938 senatu
1093 2879 1202 2941 nostro

199 2974 382 3039 iudicatum
394 2981 453 3040 est.
489 2973 576 3041 (ium
588 2973 677 3042 euim
687 2994 747 3040 rex
758 2971 909 3060 Pyrrhus
919 2973 1044 3060 populo
1054 2973 1229 3040 Romanos

199 3072 325 3140 bellum
342 3073 431 3140 ultro
452 3075 628 3160 intulisset,
651 3097 793 3163 cumque
815 3075 857 3142 de
873 3075 1019 3163 imperio
1040 3082 1200 3142 certamen

199 3181 286 3244 esset
299 3195 376 3240 cum
391 3195 469 3262 rege
482 3198 643 3264 generoso
654 3199 691 3245 ec
704 3178 843 3266 potenti,
855 3178 997 3266 perfuga
1007 3178 1048 3244 ab
1062 3199 1103 3244 eo
1114 3177 1201 3252 venit

199 3277 236 3343 iu
254 3284 357 3342 castra
374 3274 505 3344 Fabrici
520 3279 618 3367 eique
635 3287 685 3346 est
702 3279 881 3367 pollicitus,
896 3281 924 3346 si
941 3280 1125 3368 praemium
1144 3278 1201 3344 sibi
1312 3341 1318 3350 .

200 3377 431 3467 proposuisset,
441 3399 495 3462 ae,
517 3389 556 3446 ut
577 3381 663 3448 elem
685 3382 839 3466 venisset,
856 3383 903 3450 sic
924 3381 1007 3448 clam
1029 3382 1064 3446 in
1081 3379 1200 3466 Pyrrhi

201 3487 306 3547 castra
330 3479 515 3546 rediturum
540 3489 575 3547 et
596 3503 674 3548 eum
702 3504 832 3550 veneno
857 3491 1060 3550 necaturum.
1104 3481 1228 3548 Hunos

200 3581 372 3650 Fabricius
386 3581 611 3649 reducendum
625 3585 752 3652 curavit
765 3585 808 3652 ad
824 3585 1002 3673 Pyrrhum,
1017 3583 1201 3670 idqueeius

200 3687 326 3753 factum
342 3681 513 3750 laudatum
527 3706 548 3751 a
561 3693 676 3754 senatu
691 3694 750 3753 est.
786 3687 905 3775 Atqui,
917 3687 945 3754 si
959 3675 1101 3774 speciem
1117 3682 1198 3750 utili·
