2710 4374
408 361 478 411 LIB.
497 360 550 412 111.
586 359 666 414 GAP.
685 360 775 412 12-14.
812 359 827 426 5
844 362 935 414 52-58.
1114 362 1176 426 143

164 509 300 576 stultius
318 531 419 597 quarn
437 511 644 578 venditorem
662 509 733 577 eins
750 511 809 596 rei,
825 532 925 598 quam
944 510 1075 594 vendat,
1096 511 1177 576 vitia

163 613 322 678 narraret
345 613 427 700 quid
448 622 560 680 antem
581 621 651 679 tam
672 612 861 698 absurdum,
876 635 976 701 quarn
998 614 1027 680 si
1048 613 1176 679 domini

163 717 256 780 iussu
274 717 322 782 ita
340 738 457 802 praeco
478 717 662 804 praedicet:
680 715 848 782 ‘Domum
871 716 1081 804 pestilentem
1099 738 1174 782 vcn-

163 818 209 884 do
219 817 241 884 l'
253 817 273 852 ''
320 818 376 884 Sic
393 840 473 906 ergo
491 820 528 884 in
545 817 743 906 quibusdam
762 819 867 884 causis
884 819 993 885 dubiis
1011 841 1056 886 ex
1073 817 1175 884 altera
1185 832 1223 886 56

139 928 259 1007 sparte
274 920 470 988 defenditur
483 920 646 1003 honestas,
658 941 700 986 ex
711 920 813 988 altera
827 922 874 986 ita
886 921 927 988 dc
944 922 1087 988 utilitate
1098 921 1177 988 dici-

163 1031 232 1107 tnr,
247 1030 286 1089 ut
301 1023 347 1107 id,
362 1024 452 1110 quod
468 1024 550 1090 utile
566 1023 727 1106 videatur,
743 1044 810 1089 non
826 1024 925 1090 modo
940 1023 1048 1090 facere
1062 1023 1177 1090 hones

162 1133 240 1192 tum
262 1126 316 1209 sit,
332 1126 391 1192 sed
416 1126 517 1192 etiam
539 1147 607 1191 non
633 1125 742 1191 facere
767 1133 875 1213 turpe.
920 1127 1012 1193 Haec
1033 1119 1175 1211 est'illa,

162 1250 252 1314 quae
267 1229 401 1294 videtur
415 1229 550 1312 utilium
564 1228 638 1294 fieri
653 1250 730 1294 cum
741 1227 887 1295 honestis
899 1251 995 1317 saepe
1006 1230 1175 1315 dissensio:

162 1330 262 1408 Quae
277 1331 487 1397 diiudicanda
502 1339 580 1397 sunt
589 1353 599 1414 ;
614 1353 681 1396 non
697 1331 798 1414 enirn,
814 1339 853 1396 ut
868 1353 1108 1419 quaereremus,
1123 1353 1177 1397 ex-

123 1433 349 1520 reposuimus,
372 1433 431 1500 sed
453 1441 492 1499 ut
514 1433 763 1521 explicaremus.
808 1432 888 1499 Non
915 1434 1019 1518 igitur
1045 1433 1223 1503 videturtt

162 1559 229 1602 nec
244 1537 483 1602 frumentarius
498 1536 556 1602 ille
566 1535 717 1602 Rhodios
731 1557 793 1602 nec
808 1534 862 1601 hic
876 1536 1008 1602 aedium
1024 1535 1177 1602 venditor

162 1639 271 1706 celare
287 1647 453 1726 emptores
470 1639 632 1705 debuisse.
676 1638 798 1725 Neque
820 1637 909 1704 enirn
933 1638 967 1704 id
990 1647 1040 1704 est
1061 1637 1176 1722 celare,

161 1742 325 1828 quicquid
342 1742 489 1825 reticeas,
506 1742 563 1807 sed
585 1763 673 1824 cum,
689 1741 778 1828 quod
801 1748 838 1806 tu
861 1740 952 1823 scias,
967 1741 1004 1806 id
1025 1741 1177 1828 ignorare

163 1845 385 1911 emolumenti
397 1845 447 1910 tui
462 1855 560 1910 causa
571 1844 653 1910 velis
665 1865 730 1927 eos,
743 1865 885 1930 quorum
896 1844 1026 1910 intersit
1038 1843 1072 1910 id
1083 1843 1175 1910 scire.

122 1961 153 2003 ¹⁵
162 1946 243 2012 Hoc
257 1954 368 2012 antem
383 1946 513 2013 celandi
534 1968 641 2034 genus
662 1945 762 2032 qualo
784 1945 828 2013 sit
850 1954 884 2011 et
906 1946 1001 2013 cuins
1021 1946 1175 2030 hominis,

162 2050 242 2136 quis
256 2071 326 2115 non
340 2049 454 2116 videti
499 2048 598 2116 Oerte
616 2071 683 2114 non
702 2049 818 2135 aperti,
834 2070 901 2115 non
924 2049 1092 2136 simplicis,
1108 2071 1176 2116 non

162 2153 314 2239 ingenui,
338 2173 404 2218 non
427 2152 517 2234 iusti,
540 2173 607 2218 non
630 2151 695 2216 viri
711 2151 806 2233 iboni,
830 2152 955 2218 versuti
977 2153 1098 2240 potins,
1122 2153 1176 2219 ob

163 2255 264 2338 scuri,
279 2254 390 2336 astuti,
403 2253 538 2336 fallacis,
551 2253 716 2336 malitiosi,
728 2252 849 2336 callidi,
863 2255 1064 2338 veteratoris,
1077 2255 1174 2322 vafri.

163 2357 260 2424 Haec
274 2365 326 2424 tot
340 2365 374 2423 et
388 2357 451 2422 alia
465 2356 561 2444 plura
572 2377 682 2424 noune
696 2355 816 2424 inutile
827 2364 877 2422 est
892 2357 1050 2423 vitiorum
1064 2357 1175 2424 subire

124 2459 325 2526 conominai
365 2519 367 2524 .

210 2563 339 2641 Quodsi
354 2563 574 2651 vituperandi,
590 2563 649 2651 qui
664 2563 877 2646 reticuerunt,
893 2562 974 2650 qnid
992 2562 1034 2627 de
1052 2563 1091 2627 iis
1109 2525 1225 2667 6Χίὲέ

165 2665 371 2731 stimandum
392 2674 451 2748 est,
474 2666 533 2752 qui
555 2666 711 2732 orationis
733 2665 915 2730 vanitatem
931 2663 1175 2728 adhibuerunt

167 2767 206 2834 Ο.
224 2769 356 2852 (lanius,
371 2789 473 2855 eques
487 2767 668 2851 Romanus,
684 2789 745 2834 noc
763 2767 927 2833 infacetus
944 2773 977 2832 et
995 2765 1073 2830 satis
1089 2765 1175 2830 litte·

165 2879 266 2955 ratus,
282 2892 357 2938 curn
372 2893 407 2936 se
424 2870 599 2957 Syracusas
617 2871 753 2953 otiandi,
769 2877 808 2935 ut
824 2869 896 2956 ipsc
913 2868 1022 2935 dicere
1039 2867 1174 2951 solebat,

127 2998 158 3039 as
168 2996 235 3040 non
251 2974 444 3062 negotiandi
458 2995 555 3040 causa
570 2974 772 3057 contulisset,
788 2971 960 3039 dictitabat
974 2993 1009 3038 se
1026 2970 1176 3038 hortulos

167 3077 295 3165 aliquos
310 3098 419 3143 emere
433 3077 530 3160 velle,
546 3098 613 3163 quo
628 3078 770 3142 invitare
787 3075 909 3141 amicos
932 3082 967 3141 et
983 3075 1042 3142 ubi
1065 3097 1099 3141 sc
1121 3077 1175 3142 ob·

166 3179 290 3245 lecture
308 3179 379 3245 sine
395 3179 699 3270 interpellatoribus
719 3185 839 3266 posset.
884 3177 985 3256 Quod
1006 3199 1082 3244 cnm
1105 3200 1175 3266 per-

166 3282 372 3366 crebruisset,
384 3281 528 3369 Pythius
543 3282 574 3347 ei
589 3282 733 3369 quidam,
746 3281 805 3367 qui
816 3281 1037 3368 argentariam
1051 3280 1175 3349 faceret

166 3384 346 3470 Syracusis,
365 3384 498 3451 venales
520 3384 655 3471 quidem
677 3405 712 3450 se
733 3382 847 3450 hortos
873 3405 949 3450 non
964 3383 1094 3466 habero,
1116 3385 1175 3450 sed

127 3487 266 3554 oolioero
287 3487 340 3552 nti
358 3486 472 3570 Canio,
489 3487 516 3551 si
540 3486 649 3570 vellet,
664 3494 703 3552 nt
725 3486 802 3569 suis,
821 3493 855 3552 et
873 3485 972 3552 simul
994 3486 1035 3552 ad
1058 3507 1172 3552 cenam

164 3589 337 3655 hominem
353 3589 389 3654 in
404 3589 518 3656 hortos
532 3589 689 3655 invitavit
703 3589 737 3654 in
753 3595 924 3676 posterum
941 3588 1040 3654 diem.
1087 3588 1174 3654 Cum

163 3690 223 3758 ille
241 3691 453 3779 promisisset,
469 3699 543 3759 tum
561 3690 715 3779 Pythius,
730 3691 790 3782 qui
811 3698 896 3758 esset
914 3697 952 3756 ut
969 3691 1174 3777 argentarius
