2710 4374
178 330 222 400 84
368 270 377 290 ⁸
570 327 621 380 nn
641 326 796 392 crmcns

177 478 299 547 habere
316 498 495 566 possemus,
510 475 662 544 homines
679 484 767 544 certe
783 476 932 560 fuerunt,
947 497 1009 544 nee
1025 475 1089 543 hoc
1106 483 1189 544 tem-

178 603 258 671 pore
278 581 349 648 sine
366 579 541 648 hominnm
558 601 659 668 opera
678 588 737 646 aut
754 601 886 668 pascere
905 601 959 646 eas
978 587 1036 644 aut
1054 580 1188 646 domare

178 693 237 752 unt
253 684 341 752 tueri
362 691 421 750 aut
437 684 652 771 tempestivos
671 682 801 750 fruetus
822 705 865 750 ex
882 683 924 748 iis
944 703 1062 770 capere
1082 704 1191 770 posse-

180 809 273 871 mus3
298 787 341 855 ab
358 785 549 874 eisdemque
570 794 711 874 et,quao
733 792 864 869 nocent,
876 783 1123 852 interficiuntur
1143 793 1188 869 et,

134 903 265 978 lequae
288 887 364 956 usui
385 895 524 976 possunt
548 908 628 971 esse,
646 888 832 975 capiuntur.
881 887 972 966 Quid
996 908 1189 954 enumerem
1209 914 1223 954 ι

179 993 302 1060 artium
324 989 584 1073 multitudinem,
602 990 674 1056 sine
698 989 819 1077 quibus
841 990 910 1056 vitu
935 989 1073 1057 omnino
1097 989 1191 1056 nulla

179 1115 250 1160 esse
270 1092 451 1181 potuissetl
504 1091 572 1170 Qui
597 1093 689 1158 euim
714 1093 821 1179 aegris
845 1093 1087 1174 subveniretur,
1104 1113 1191 1178 quae.

180 1202 264 1263 esset
285 1195 461 1264 oblectatio
483 1194 676 1277 velentium,
695 1195 754 1282 qui
776 1195 884 1262 victus
908 1203 966 1260 ant
988 1193 1107 1278 cultus,
1126 1195 1191 1262 nisi

180 1307 249 1364 tarn
264 1297 388 1364 multae
406 1297 501 1364 nobis
518 1306 605 1364 artes
620 1297 864 1365 ministrarent?
886 1297 1007 1384 quibus
1022 1298 1120 1364 rebus
1138 1320 1191 1364 ex-

180 1399 269 1468 culta
286 1397 461 1467 hominurn
478 1399 548 1466 vita
564 1407 697 1467 tantum
714 1399 815 1466 distat
832 1401 960 1466 avictu
978 1408 1012 1466 et
1030 1399 1123 1466 cultu
1138 1400 1225 1466 bero

180 1504 327 1570 stiurum.
371 1501 481 1581 Urbes
495 1523 575 1569 vero
592 1503 663 1570 sine
678 1501 851 1570 hominum
870 1493 968 1569 coetu
985 1523 1053 1568 non
1069 1503 1191 1590 pctuie

180 1614 254 1673 sent
271 1626 333 1672 nec
353 1604 520 1671 aedificari
539 1625 602 1672 nec
621 1604 845 1693 frequentari3
867 1627 909 1671 ex
929 1625 995 1691 quo
1013 1604 1104 1693 leges
1124 1627 1191 1672 mo·

180 1729 297 1796 resque
318 1707 501 1791 constituti,
519 1714 592 1774 turn
615 1709 697 1784 iuris
718 1729 823 1797 aequa
844 1708 1014 1794 discriptio
1035 1715 1190 1795 certaque

181 1811 317 1880 vivendi
334 1809 509 1899 discipline
518 1831 528 1893 3
549 1831 632 1898 quas
646 1833 702 1889 ¹res
718 1819 753 1877 et
767 1810 985 1880 mansuetudo
1003 1811 1190 1878 animorum

180 1921 354 1980 consecuta
373 1920 409 1978 et
426 1913 626 1980 verecundia
646 1921 696 1980 eet
713 1912 945 2000 effectumque,
960 1919 1000 1978 ut
1019 1919 1105 1978 esset
1122 1913 1225 1978 vitare

180 2013 350 2096 munitior,
368 2021 469 2100 atque
489 2022 528 2081 ut
549 2014 660 2082 dando
684 2023 718 2082 et
740 2015 931 2102 accipiendo
957 2014 1191 2102 mutandisque

180 2114 394 2182 facultatibus
408 2125 443 2181 et
456 2117 639 2196 commodis
653 2117 745 2196 nulla
760 2139 795 2184 re
810 2137 991 2204 egeremus.

134 2186 170 2330 1⁶6
223 2215 405 2304 Longiores
422 2217 574 2286 hocloco
593 2240 716 2304 sumus,
732 2240 831 2306 quam
847 2239 986 2298 necesse¹
1000 2226 1061 2285 est.
1106 2219 1190 2298 Quis

181 2326 230 2384 est
255 2319 356 2402 enim,
378 2319 433 2384 cui
457 2340 525 2386 non
551 2320 725 2409 perspicua
748 2322 816 2388 sint
841 2321 908 2404 illa,
929 2342 1013 2408 quae
1038 2320 1190 2409 pluribus

180 2420 292 2493 verbis
319 2441 339 2486 e
363 2419 523 2488 Panaetio
551 2430 861 2508 commemorantur,
884 2424 1053 2490 neminem
1082 2446 1227 2512 nequem

180 2524 300 2592 ducem
318 2523 397 2592 belli
418 2545 480 2591 nec
501 2524 685 2613 principem
704 2525 804 2592 domo
821 2547 957 2613 magnas
978 2548 1030 2592 res
1052 2533 1087 2594 et
1108 2527 1192 2594 salu·

179 2635 267 2696 teres
292 2627 364 2695 sine
388 2625 564 2712 hominum
589 2629 708 2696 studiis
734 2649 851 2715 gerere
874 2628 1042 2715 potuisset
1094 2629 1191 2696 Gom-

180 2740 383 2798 memoratur
404 2731 446 2798 ab
470 2752 511 2798 eo
533 2729 780 2815 Themistocles,
795 2730 951 2814 Pericles,
968 2731 1191 2819 eymaage-

179 2833 289 2918 silaus,
299 2833 501 2918 Alexander,
511 2854 595 2922 quos
608 2841 708 2921 negat
719 2833 790 2900 siue
804 2833 1005 2902 adiumentis
1015 2833 1190 2900 hominum

180 2942 289 3000 tantas
309 2956 362 3001 res
387 2935 515 3002 efficere
537 2936 693 3024 potuisse.
737 2935 856 3004 Utitur
880 2937 915 3002 in
938 2958 974 3004 re
999 2959 1068 3004 non
1090 2936 1224 3004 dubiaas

180 3037 320 3102 testibus
342 3057 409 3102 non
425 3039 630 3105 necessariis.
674 3039 791 3127 Atque
811 3047 851 3106 ut
873 3061 1008 3126 magnas
1028 3040 1190 3106 utilitates

181 3137 394 3225 adipiscimur
421 3141 664 3228 conspiratione
689 3141 864 3210 hominum
888 3151 991 3231 etque
1017 3162 1189 3226 consensu,

181 3241 227 3307 sic
248 3239 340 3322 nulla
362 3247 430 3308 tarn
452 3243 656 3326 detestabilis
671 3245 772 3332 pestis
794 3253 853 3328 est,
869 3265 954 3332 quae
974 3267 1042 3312 non
1060 3245 1189 3313 homini

181 3343 224 3408 ab
240 3341 375 3410 homine
394 3352 554 3412 nascatur.
597 3345 659 3412 Est
675 3346 870 3416 Dicaearchi
886 3348 971 3414 liber
990 3349 1033 3415 de
1051 3349 1188 3414 interitu

181 3445 365 3529 hominum,
383 3445 597 3535 Peripatetici
620 3451 733 3537 magni
756 3458 791 3518 et
812 3449 945 3538 copiosi,
964 3451 1025 3537 qui
1045 3451 1222 3518 collectiser

181 3547 297 3614 ceteris
311 3548 415 3615 causis
426 3549 598 3634 eluvionis,
608 3552 825 3637 pestilentiae,
836 3552 1007 3636 vastitatis,
1018 3552 1187 3620 beluarum

181 3650 281 3716 etiam
306 3653 499 3740 repentinae
523 3651 758 3738 multitudinis,
776 3675 917 3742 quarum
942 3654 1071 3742 impetu
1092 3655 1188 3724 docet
