2734 4362
222 347 265 412 60
614 343 667 398 Dlt
688 342 844 398 omnus

222 495 414 581 incidamus,
429 503 464 563 et
485 495 514 566 si
535 501 679 565 attentos
700 493 834 564 animos¹
851 493 893 562 ad
915 493 1042 562 decoris
1063 515 1225 562 conserva

155 608 212 663 132
223 599 349 666 tionem
367 599 562 670 tenebimus.
602 596 721 668 Motus
742 605 855 667 autem
873 597 1066 668 ¹animorum
1083 597 1227 684 duplices

221 710 310 786 sunt,
327 701 424 774 alteri
449 700 668 790 cogitationis,
686 699 781 770 alteri
802 700 990 788 appetitns3
1016 699 1174 786 cogitatio
1195 701 1226 764 in

222 825 302 874 vero
327 805 532 893 exquirendo
554 823 709 872 maxume
732 811 891 885 versatur,
909 802 1079 890 appetitus
1100 801 1228 890 inpellit

222 907 265 978 ad
282 908 458 996 agendum.
502 905 696 974 Curandum
716 913 766 972 eat
784 905 896 992 igitur,
912 916 951 972 nt
968 904 1170 994 cogitatione
1190 905 1227 970 ad
1245 927 1257 966 a

222 1031 275 1078 res
296 1031 396 1098 qnam
417 1016 733 1098 optumas-utamur,
749 1008 936 1096 appetitum
957 1008 1080 1074 rationi
1101 1007 1228 1074 oboedi-

223 1119 337 1184 entem
350 1113 574 1201 praebeamus.

170 1217 215 1287 Μ
267 1213 312 1282 Et
328 1215 484 1302 quoniam
507 1237 628 1304 magna
644 1215 695 1284 vis
716 1214 874 1282 orationis
893 1221 1075 1301 aeneaque
1097 1213 1229 1302 duplex,

223 1317 327 1410 altera
343 1317 686 1402 contentioniaaltara
704 1317 874 1401 sermonis,
885 1317 1057 1384 contentio
1075 1316 1230 1404 discepta-

224 1420 371 1488 tionibus
379 1419 968 1512 tribuaturiudiciorum,.eoutionnm,
976 1427 1259 1501 senatus,semnon

224 1523 260 1598 in
271 1522 411 1607 circulis,
421 1523 709 1612 disputationibus,
718 1521 1004 1610 congressionibus
1014 1522 1231 1588 familiarium

105 1619 106 1622 ¹
225 1634 383 1708 versetur,
394 1633 550 1714 sequatur
566 1625 667 1692 etiam
684 1625 847 1692 convivia.
892 1623 1127 1691 Contentionis
1144 1629 1232 1712 prae

223 1739 320 1818 nepta
337 1727 507 1798 rhetorum
526 1737 615 1813 sunt,
630 1727 722 1794 nulle
738 1727 907 1809 sermonis,
923 1748 1127 1814 quamquem
1145 1727 1231 1794 lrand

225 1833 292 1900 seio
307 1853 349 1901 an
360 1831 491 1921 possint
505 1830 586 1900 liaeo
600 1853 733 1920 qnoque
747 1852 826 1898 esee.
871 1829 938 1897 Sed
953 1829 1154 1898 discentium
1165 1840 1232 1896 veru·

226 1933 289 2000 diis
314 1935 531 2002 inveniantur
558 1935 718 2022 magistri,
740 1932 818 2000 huie
843 1941 954 2000 aulem
980 1932 1039 2020 qni
1067 1933 1261 2017 studetote

226 2043 306 2104 aunt
321 2035 416 2121 nulli,
428 2037 597 2108 rhetorum
612 2037 710 2104 turba
726 2036 850 2104 referta
866 2036 978 2103 omnia
987 2055 996 2119 ;
1019 2057 1231 2123 quamquam,

227 2159 311 2226 quae
326 2141 502 2208 verborum
517 2141 821 2228 sententiarumque
832 2148 1006 2228 praecepta
1019 2140 1231 2220 sentenciam

32 2321 38 2334 ‚
159 2253 216 2308 133
226 2241 268 2310 ad
282 2263 467 2312 sermonem
479 2245 703 2332 pertinebunt.
745 2243 812 2310 Sed
824 2265 902 2310 oum
916 2241 1072 2308 orationis
1086 2241 1232 2308 indicem

226 2367 342 2415 vocem
358 2345 544 2430 habeamus,
553 2348 589 2414 iu
602 2369 682 2414 voce
695 2353 808 2413 antem
819 2345 884 2412 dno
899 2366 1085 2432 sequamur,
1096 2353 1134 2412 ut
1149 2345 1232 2412 clara

225 2448 278 2533 sit,
287 2457 327 2518 nt
337 2450 457 2534 suavis,
466 2457 645 2538 utrumque
659 2450 795 2516 omnino
810 2471 829 2515 a
843 2457 961 2514 natura
971 2447 1160 2535 petundum
1174 2457 1259 2531 ests

225 2572 342 2620 varum
370 2552 511 2622 alterurn
539 2552 731 2622 exercitatio
760 2552 903 2638 augebit,
921 2551 1062 2618 alterum
1088 2552 1231 2618 imitatio

225 2678 334 2744 presse
348 2656 556 2745 loquentium
574 2666 608 2724 ct
622 2657 751 2723 leniter.
795 2654 892 2721 Nihil
907 2654 975 2720 fuit
992 2655 1028 2719 in
1044 2654 1184 2738 Catulis,
1194 2665 1230 2722 nt

224 2781 279 2828 cos
293 2762 458 2849 exquisito
472 2759 596 2827 iudicio
610 2767 743 2846 putares
757 2759 806 2824 uti
823 2757 1018 2840 litterarum,
1029 2779 1229 2845 quamquam

225 2873 317 2930 erant
332 2865 487 2946 litterati3
510 2862 567 2930 sed
582 2870 617 2929 et
630 2862 708 2944 alii3
731 2861 892 2930 hiantem
908 2861 1034 2948 optime
1052 2861 1103 2926 nti
1118 2861 1230 2949 lingna

224 2963 343 3032 Latina
366 2967 585 3052 putabantnr3
614 2986 714 3032 sonus
739 2972 809 3030 erat
835 2963 949 3047 dulcis,
968 2962 1097 3030 litterae
1123 2985 1258 3050 nequeas

224 3087 394 3153 expressae
412 3089 519 3154 neque
539 3089 720 3155 oppressae,
736 3088 779 3132 ne
801 3076 860 3133 aut
875 3068 1052 3134 obscurum
1071 3075 1157 3132 esset
1175 3075 1229 3132 aut

224 3168 390 3255 putidum,
400 3170 470 3236 sine
485 3171 695 3236 contentione
708 3191 772 3236 vox
784 3190 845 3236 neo
856 3168 1016 3257 languens
1027 3191 1088 3235 nco
1103 3191 1228 3236 canora.

225 3271 369 3338 Uberior
385 3272 489 3340 oratio
506 3271 543 3338 L.
557 3272 665 3340 Crassi
682 3295 742 3340 nec
759 3271 871 3338 minus
884 3272 1002 3354 faceta,
1013 3272 1070 3338 sed
1087 3273 1171 3338 bene
1187 3272 1229 3338 lo
1340 3341 1341 3376 ,

223 3374 348 3461 quondi
366 3373 549 3443 deOatulis
567 3376 765 3464 opinionon
783 3375 901 3441 minor.
946 3374 1022 3441 Sale
1038 3396 1119 3442 vero
1136 3375 1229 3440 etia·

224 3476 318 3548 coriis
333 3476 460 3561 Caesar,
467 3478 579 3546 Catuli
594 3478 696 3566 patris
710 3477 823 3560 irater,
836 3477 917 3544 vicit
931 3499 1056 3560 omnes,
1069 3485 1107 3542 ut
1122 3477 1156 3542 in
1173 3477 1256 3543 illou
1340 3465 1341 3472 ἵ

224 3580 296 3668 ipso
315 3580 440 3648 forensi
459 3581 732 3669 generedicendi
754 3581 984 3647 contentiones
1005 3580 1146 3646 aliorum
1168 3603 1228 3648 ser*

224 3704 323 3752 mone
343 3684 500 3754 vinceret.
544 3683 587 3750 In
613 3683 767 3749 omnibns
791 3683 896 3769 igitur
916 3681 969 3750 his
994 3682 1226 3751 elaborandum

603 4327 859 4356 —jufi--v-oe
870 4325 1265 4340 -—-——————·-r—-.--=*⁴·
