<?xml version="1.0" encoding="UTF-8"?>
<!DOCTYPE html PUBLIC "-//W3C//DTD XHTML 1.0 Transitional//EN"
    "http://www.w3.org/TR/xhtml1/DTD/xhtml1-transitional.dtd">
<html xmlns="http://www.w3.org/1999/xhtml" xml:lang="en" lang="en">
 <head>
  <title>
</title>
<meta http-equiv="Content-Type" content="text/html;charset=utf-8" />
  <meta name='ocr-system' content='tesseract 3.04.00' />
  <meta name='ocr-capabilities' content='ocr_page ocr_carea ocr_par ocr_line ocrx_word'/>
</head>
<body>
  <div class='ocr_page' id='page_1' title='image "./mtulliiciceroni00sticgoog_0099.png"; bbox 0 0 2710 4374; ppageno 0'>
   <div class='ocr_carea' id='block_1_1' title="bbox 329 377 1103 444">
    <p class='ocr_par' dir='ltr' id='par_1_1' title="bbox 329 377 1103 444">
     <span class='ocr_line' id='line_1_1' title="bbox 329 377 1103 444; baseline 0.001 -14"><span class='ocrx_word' id='word_1_1' title='bbox 329 377 401 430; x_wconf 84' lang='lat' dir='ltr'>LIB.</span> <span class='ocrx_word' id='word_1_2' title='bbox 419 378 443 430; x_wconf 92' lang='grc' dir='ltr'>Ι.</span> <span class='ocrx_word' id='word_1_3' title='bbox 478 377 557 430; x_wconf 60' lang='lat' dir='ltr'>(SAR</span> <span class='ocrx_word' id='word_1_4' title='bbox 575 377 674 441; x_wconf 63' lang='lat' dir='ltr'>tata</span> <span class='ocrx_word' id='word_1_5' title='bbox 708 377 726 440; x_wconf 61' lang='grc' dir='ltr'><strong>θ</strong></span> <span class='ocrx_word' id='word_1_6' title='bbox 744 381 865 431; x_wconf 75' lang='lat' dir='ltr'>lta-157.</span> <span class='ocrx_word' id='word_1_7' title='bbox 1061 383 1103 444; x_wconf 84' lang='grc'>69</span> 
     </span>
    </p>
   </div>
   <div class='ocr_carea' id='block_1_2' title="bbox 47 526 1179 3799">
    <p class='ocr_par' dir='ltr' id='par_1_2' title="bbox 47 526 1179 3799">
     <span class='ocr_line' id='line_1_2' title="bbox 88 526 1105 616; baseline 0 -21"><span class='ocrx_word' id='word_1_8' title='bbox 88 535 152 595; x_wconf 82' lang='lat' dir='ltr'>eut</span> <span class='ocrx_word' id='word_1_9' title='bbox 169 526 280 610; x_wconf 86' lang='lat' dir='ltr'>metiri</span> <span class='ocrx_word' id='word_1_10' title='bbox 299 526 416 592; x_wconf 90' lang='lat' dir='ltr'>mundi</span> <span class='ocrx_word' id='word_1_11' title='bbox 436 526 701 616; x_wconf 84' lang='lat' dir='ltr'>magnitudinem</span> <span class='ocrx_word' id='word_1_12' title='bbox 719 550 813 616; x_wconf 91' lang='lat' dir='ltr'>posse</span> <span class='ocrx_word' id='word_1_13' title='bbox 832 527 1032 596; x_wconf 80' lang='lat' dir='ltr'>arbitreturi</span> <span class='ocrx_word' id='word_1_14' title='bbox 1058 535 1105 595; x_wconf 85' lang='lat' dir='ltr'>at·</span> 
     </span>
     <span class='ocr_line' id='line_1_3' title="bbox 87 630 1104 718; baseline 0.002 -21"><span class='ocrx_word' id='word_1_15' title='bbox 87 651 159 718; x_wconf 88' lang='lat' dir='ltr'>quc</span> <span class='ocrx_word' id='word_1_16' title='bbox 173 631 236 698; x_wconf 90' lang='lat' dir='ltr'>boc</span> <span class='ocrx_word' id='word_1_17' title='bbox 250 630 340 696; x_wconf 89' lang='lat' dir='ltr'>idem</span> <span class='ocrx_word' id='word_1_18' title='bbox 354 630 390 694; x_wconf 93' lang='lat' dir='ltr'>in</span> <span class='ocrx_word' id='word_1_19' title='bbox 406 630 562 716; x_wconf 86' lang='lat' dir='ltr'>parentis,</span> <span class='ocrx_word' id='word_1_20' title='bbox 574 631 609 696; x_wconf 93' lang='lat' dir='ltr'>in</span> <span class='ocrx_word' id='word_1_21' title='bbox 625 631 722 710; x_wconf 85' lang='lat' dir='ltr'>amici</span> <span class='ocrx_word' id='word_1_22' title='bbox 736 653 772 697; x_wconf 90' lang='lat' dir='ltr'>re</span> <span class='ocrx_word' id='word_1_23' title='bbox 786 640 844 697; x_wconf 93' lang='lat' dir='ltr'>aut</span> <span class='ocrx_word' id='word_1_24' title='bbox 858 631 1010 718; x_wconf 89' lang='lat' dir='ltr'>periculo</span> <span class='ocrx_word' id='word_1_25' title='bbox 1020 631 1104 699; x_wconf 77' lang='lat' dir='ltr'>fece</span> 
     </span>
     <span class='ocr_line' id='line_1_4' title="bbox 89 729 1172 822; baseline 0.006 -24"><span class='ocrx_word' id='word_1_26' title='bbox 89 736 148 800; x_wconf 81' lang='lat' dir='ltr'>rit.</span> <span class='ocrx_word' id='word_1_27' title='bbox 197 729 327 812; x_wconf 82' lang='lat' dir='ltr'>Quibus</span> <span class='ocrx_word' id='word_1_28' title='bbox 348 733 446 798; x_wconf 89' lang='lat' dir='ltr'>rebus</span> <span class='ocrx_word' id='word_1_29' title='bbox 468 733 675 820; x_wconf 87' lang='lat' dir='ltr'>intellegitur</span> <span class='ocrx_word' id='word_1_30' title='bbox 695 733 815 800; x_wconf 87' lang='lat' dir='ltr'>studiis</span> <span class='ocrx_word' id='word_1_31' title='bbox 840 733 1021 822; x_wconf 89' lang='lat' dir='ltr'>officiisque</span> <span class='ocrx_word' id='word_1_32' title='bbox 1046 736 1172 806; x_wconf 80' lang='lat' dir='ltr'>sci-155</span> 
     </span>
     <span class='ocr_line' id='line_1_5' title="bbox 90 835 1106 926; baseline 0.001 -23"><span class='ocrx_word' id='word_1_33' title='bbox 90 837 204 903; x_wconf 89' lang='lat' dir='ltr'>entiae</span> <span class='ocrx_word' id='word_1_34' title='bbox 218 835 450 924; x_wconf 83' lang='lat' dir='ltr'>praeponenda</span> <span class='ocrx_word' id='word_1_35' title='bbox 465 857 534 902; x_wconf 89' lang='lat' dir='ltr'>esse</span> <span class='ocrx_word' id='word_1_36' title='bbox 548 835 655 904; x_wconf 86' lang='lat' dir='ltr'>officia</span> <span class='ocrx_word' id='word_1_37' title='bbox 668 837 920 925; x_wconf 78' lang='lat' dir='ltr'>iustitiae,quae</span> <span class='ocrx_word' id='word_1_38' title='bbox 935 838 1106 926; x_wconf 89' lang='lat' dir='ltr'>pertinent</span> 
     </span>
     <span class='ocr_line' id='line_1_6' title="bbox 57 937 1106 1026; baseline 0.005 -24"><span class='ocrx_word' id='word_1_39' title='bbox 57 939 137 1005; x_wconf 76' lang='lat' dir='ltr'>sad</span> <span class='ocrx_word' id='word_1_40' title='bbox 158 938 333 1005; x_wconf 86' lang='lat' dir='ltr'>hominum</span> <span class='ocrx_word' id='word_1_41' title='bbox 359 937 551 1022; x_wconf 77' lang='lat' dir='ltr'><strong>utilitatem,</strong></span> <span class='ocrx_word' id='word_1_42' title='bbox 569 960 635 1026; x_wconf 92' lang='lat' dir='ltr'>qua</span> <span class='ocrx_word' id='word_1_43' title='bbox 659 939 745 1006; x_wconf 87' lang='lat' dir='ltr'>nihil</span> <span class='ocrx_word' id='word_1_44' title='bbox 766 938 895 1006; x_wconf 89' lang='lat' dir='ltr'>homini</span> <span class='ocrx_word' id='word_1_45' title='bbox 916 962 986 1008; x_wconf 89' lang='lat' dir='ltr'>ease</span> <span class='ocrx_word' id='word_1_46' title='bbox 1007 940 1106 1008; x_wconf 91' lang='lat' dir='ltr'>debet</span> 
     </span>
     <span class='ocr_line' id='line_1_7' title="bbox 91 1040 1169 1130; baseline 0.002 -24"><span class='ocrx_word' id='word_1_47' title='bbox 91 1041 274 1128; x_wconf 79' lang='lat' dir='ltr'>antiquius.</span> <span class='ocrx_word' id='word_1_48' title='bbox 310 1041 436 1128; x_wconf 65' lang='lat' dir='ltr'>¹Atque</span> <span class='ocrx_word' id='word_1_49' title='bbox 450 1040 660 1128; x_wconf 85' lang='lat' dir='ltr'>illi,quorurn</span> <span class='ocrx_word' id='word_1_50' title='bbox 676 1041 785 1109; x_wconf 88' lang='lat' dir='ltr'>studia</span> <span class='ocrx_word' id='word_1_51' title='bbox 799 1042 934 1130; x_wconf 87' lang='lat' dir='ltr'>vitaque</span> <span class='ocrx_word' id='word_1_52' title='bbox 949 1043 1056 1110; x_wconf 87' lang='lat' dir='ltr'>omnis</span> <span class='ocrx_word' id='word_1_53' title='bbox 1069 1043 1104 1108; x_wconf 91' lang='lat' dir='ltr'>in</span> <span class='ocrx_word' id='word_1_54' title='bbox 1121 1052 1169 1121; x_wconf 75' lang='grc'>44,</span> 
     </span>
     <span class='ocr_line' id='line_1_8' title="bbox 92 1143 1108 1233; baseline 0.003 -25"><span class='ocrx_word' id='word_1_55' title='bbox 92 1165 207 1228; x_wconf 83' lang='lat' dir='ltr'>rerum</span> <span class='ocrx_word' id='word_1_56' title='bbox 222 1143 414 1230; x_wconf 80' lang='lat' dir='ltr'>cognitione</span> <span class='ocrx_word' id='word_1_57' title='bbox 428 1146 556 1210; x_wconf 83' lang='lat' dir='ltr'>versata</span> <span class='ocrx_word' id='word_1_58' title='bbox 572 1152 633 1227; x_wconf 91' lang='lat' dir='ltr'>est,</span> <span class='ocrx_word' id='word_1_59' title='bbox 645 1152 755 1211; x_wconf 88' lang='lat' dir='ltr'>tamen</span> <span class='ocrx_word' id='word_1_60' title='bbox 771 1145 814 1212; x_wconf 92' lang='lat' dir='ltr'>ab</span> <span class='ocrx_word' id='word_1_61' title='bbox 828 1145 987 1233; x_wconf 81' lang='lat' dir='ltr'>augendis</span> <span class='ocrx_word' id='word_1_62' title='bbox 1001 1146 1108 1212; x_wconf 88' lang='lat' dir='ltr'>homi-</span> 
     </span>
     <span class='ocr_line' id='line_1_9' title="bbox 92 1246 1108 1331; baseline 0.002 -19"><span class='ocrx_word' id='word_1_63' title='bbox 92 1250 180 1312; x_wconf 86' lang='lat' dir='ltr'>num</span> <span class='ocrx_word' id='word_1_64' title='bbox 194 1246 395 1313; x_wconf 78' lang='lat' dir='ltr'>utilitatibus</span> <span class='ocrx_word' id='word_1_65' title='bbox 409 1253 444 1312; x_wconf 88' lang='lat' dir='ltr'>et</span> <span class='ocrx_word' id='word_1_66' title='bbox 459 1247 641 1330; x_wconf 83' lang='lat' dir='ltr'>commodis</span> <span class='ocrx_word' id='word_1_67' title='bbox 655 1269 722 1314; x_wconf 90' lang='lat' dir='ltr'>non</span> <span class='ocrx_word' id='word_1_68' title='bbox 738 1257 958 1331; x_wconf 88' lang='lat' dir='ltr'>recesserunt;</span> <span class='ocrx_word' id='word_1_69' title='bbox 980 1269 1058 1314; x_wconf 86' lang='lat' dir='ltr'>uam</span> <span class='ocrx_word' id='word_1_70' title='bbox 1073 1257 1108 1315; x_wconf 89' lang='lat' dir='ltr'>et</span> 
     </span>
     <span class='ocr_line' id='line_1_10' title="bbox 94 1348 1107 1438; baseline 0.002 -22"><span class='ocrx_word' id='word_1_71' title='bbox 94 1350 314 1416; x_wconf 83' lang='lat' dir='ltr'>erudiverunt</span> <span class='ocrx_word' id='word_1_72' title='bbox 331 1348 542 1436; x_wconf 65' lang='lat' dir='ltr'>multosque</span> <span class='ocrx_word' id='word_1_73' title='bbox 560 1349 711 1416; x_wconf 90' lang='lat' dir='ltr'>meliores</span> <span class='ocrx_word' id='word_1_74' title='bbox 725 1350 814 1417; x_wconf 87' lang='lat' dir='ltr'>cives</span> <span class='ocrx_word' id='word_1_75' title='bbox 830 1349 1044 1438; x_wconf 81' lang='lat' dir='ltr'>utilioresque</span> <span class='ocrx_word' id='word_1_76' title='bbox 1060 1373 1107 1418; x_wconf 81' lang='lat' dir='ltr'>ro</span> 
     </span>
     <span class='ocr_line' id='line_1_11' title="bbox 47 1451 1108 1540; baseline 0 -22"><span class='ocrx_word' id='word_1_77' title='bbox 47 1454 163 1519; x_wconf 81' lang='lat' dir='ltr'>robus</span> <span class='ocrx_word' id='word_1_78' title='bbox 178 1453 249 1536; x_wconf 79' lang='lat' dir='ltr'>¹auis</span> <span class='ocrx_word' id='word_1_79' title='bbox 272 1451 414 1540; x_wconf 90' lang='lat' dir='ltr'>publicis</span> <span class='ocrx_word' id='word_1_80' title='bbox 435 1459 553 1536; x_wconf 84' lang='lat' dir='ltr'>essent,</span> <span class='ocrx_word' id='word_1_81' title='bbox 568 1459 608 1518; x_wconf 90' lang='lat' dir='ltr'>ut</span> <span class='ocrx_word' id='word_1_82' title='bbox 626 1452 823 1532; x_wconf 85' lang='lat' dir='ltr'>Thebanum</span> <span class='ocrx_word' id='word_1_83' title='bbox 845 1452 1108 1540; x_wconf 79' lang='lat' dir='ltr'>Epaminondam</span> 
     </span>
     <span class='ocr_line' id='line_1_12' title="bbox 94 1554 1110 1644; baseline 0.001 -22"><span class='ocrx_word' id='word_1_84' title='bbox 94 1555 443 1643; x_wconf 66' lang='lat' dir='ltr'>Lysis&#39;Pytlrugoreus,</span> <span class='ocrx_word' id='word_1_85' title='bbox 454 1555 663 1643; x_wconf 80' lang='lat' dir='ltr'>Syracosium</span> <span class='ocrx_word' id='word_1_86' title='bbox 675 1555 821 1622; x_wconf 90' lang='lat' dir='ltr'>Dionem</span> <span class='ocrx_word' id='word_1_87' title='bbox 833 1554 931 1622; x_wconf 88' lang='lat' dir='ltr'>Plato</span> <span class='ocrx_word' id='word_1_88' title='bbox 946 1555 1110 1644; x_wconf 88' lang='lat' dir='ltr'>multique</span> 
     </span>
     <span class='ocr_line' id='line_1_13' title="bbox 95 1657 1111 1746; baseline -0.002 -22"><span class='ocrx_word' id='word_1_89' title='bbox 95 1658 232 1740; x_wconf 85' lang='lat' dir='ltr'>multos,</span> <span class='ocrx_word' id='word_1_90' title='bbox 243 1679 373 1744; x_wconf 86' lang='lat' dir='ltr'>uosque</span> <span class='ocrx_word' id='word_1_91' title='bbox 393 1658 467 1746; x_wconf 90' lang='lat' dir='ltr'>ipsi,</span> <span class='ocrx_word' id='word_1_92' title='bbox 483 1657 643 1745; x_wconf 92' lang='lat' dir='ltr'>quicquid</span> <span class='ocrx_word' id='word_1_93' title='bbox 663 1657 704 1738; x_wconf 88' lang='lat' dir='ltr'>ad</span> <span class='ocrx_word' id='word_1_94' title='bbox 723 1679 794 1725; x_wconf 87' lang='lat' dir='ltr'>rem</span> <span class='ocrx_word' id='word_1_95' title='bbox 814 1657 983 1745; x_wconf 78' lang='lat' dir='ltr'>publicam</span> <span class='ocrx_word' id='word_1_96' title='bbox 1002 1657 1111 1724; x_wconf 91' lang='lat' dir='ltr'>attuli·</span> 
     </span>
     <span class='ocr_line' id='line_1_14' title="bbox 93 1759 1110 1849; baseline 0.002 -23"><span class='ocrx_word' id='word_1_97' title='bbox 93 1782 184 1845; x_wconf 78' lang='lat' dir='ltr'>unus,</span> <span class='ocrx_word' id='word_1_98' title='bbox 193 1761 221 1826; x_wconf 90' lang='lat' dir='ltr'>si</span> <span class='ocrx_word' id='word_1_99' title='bbox 237 1760 336 1826; x_wconf 90' lang='lat' dir='ltr'>modo</span> <span class='ocrx_word' id='word_1_100' title='bbox 351 1759 478 1847; x_wconf 90' lang='lat' dir='ltr'>aliquid</span> <span class='ocrx_word' id='word_1_101' title='bbox 492 1759 677 1843; x_wconf 87' lang='lat' dir='ltr'>attulimus,</span> <span class='ocrx_word' id='word_1_102' title='bbox 687 1781 707 1825; x_wconf 89' lang='lat' dir='ltr'>a</span> <span class='ocrx_word' id='word_1_103' title='bbox 718 1760 909 1828; x_wconf 90' lang='lat' dir='ltr'>doctoribus</span> <span class='ocrx_word' id='word_1_104' title='bbox 923 1769 1023 1849; x_wconf 86' lang='lat' dir='ltr'>atque</span> <span class='ocrx_word' id='word_1_105' title='bbox 1038 1760 1110 1828; x_wconf 88' lang='lat' dir='ltr'>doc-</span> 
     </span>
     <span class='ocr_line' id='line_1_15' title="bbox 96 1863 1179 1953; baseline 0.002 -25"><span class='ocrx_word' id='word_1_106' title='bbox 96 1863 187 1928; x_wconf 89' lang='lat' dir='ltr'>triua</span> <span class='ocrx_word' id='word_1_107' title='bbox 212 1863 365 1929; x_wconf 80' lang='lat' dir='ltr'>instructi</span> <span class='ocrx_word' id='word_1_108' title='bbox 390 1863 432 1930; x_wconf 89' lang='lat' dir='ltr'>ad</span> <span class='ocrx_word' id='word_1_109' title='bbox 454 1883 527 1930; x_wconf 88' lang='lat' dir='ltr'>eam</span> <span class='ocrx_word' id='word_1_110' title='bbox 549 1872 584 1932; x_wconf 87' lang='lat' dir='ltr'>et</span> <span class='ocrx_word' id='word_1_111' title='bbox 609 1864 716 1930; x_wconf 90' lang='lat' dir='ltr'>ornati</span> <span class='ocrx_word' id='word_1_112' title='bbox 742 1864 945 1930; x_wconf 80' lang='lat' dir='ltr'>accessimus.</span> <span class='ocrx_word' id='word_1_113' title='bbox 988 1863 1026 1932; x_wconf 88' lang='lat' dir='ltr'>N</span> <span class='ocrx_word' id='word_1_114' title='bbox 1026 1873 1179 1953; x_wconf 76' lang='lat' dir='ltr'>equelto</span> 
     </span>
     <span class='ocr_line' id='line_1_16' title="bbox 57 1966 1110 2054; baseline 0.004 -24"><span class='ocrx_word' id='word_1_115' title='bbox 57 1988 89 2030; x_wconf 75' lang='lat' dir='ltr'>rc</span> <span class='ocrx_word' id='word_1_116' title='bbox 98 1966 209 2033; x_wconf 86' lang='lat' dir='ltr'>solum</span> <span class='ocrx_word' id='word_1_117' title='bbox 220 1967 294 2030; x_wconf 83' lang='lat' dir='ltr'>vivi</span> <span class='ocrx_word' id='word_1_118' title='bbox 305 1974 405 2053; x_wconf 83' lang='lat' dir='ltr'>etque</span> <span class='ocrx_word' id='word_1_119' title='bbox 416 1973 604 2054; x_wconf 87' lang='lat' dir='ltr'>praesentes</span> <span class='ocrx_word' id='word_1_120' title='bbox 619 1967 782 2034; x_wconf 84' lang='lat' dir='ltr'>studiosos</span> <span class='ocrx_word' id='word_1_121' title='bbox 794 1967 941 2034; x_wconf 90' lang='lat' dir='ltr'>discendi</span> <span class='ocrx_word' id='word_1_122' title='bbox 952 1968 1110 2036; x_wconf 87' lang='lat' dir='ltr'>erudiunt</span> 
     </span>
     <span class='ocr_line' id='line_1_17' title="bbox 96 2067 1110 2158; baseline 0.002 -23"><span class='ocrx_word' id='word_1_123' title='bbox 96 2078 200 2157; x_wconf 81' lang='lat' dir='ltr'>atque</span> <span class='ocrx_word' id='word_1_124' title='bbox 217 2068 347 2152; x_wconf 89' lang='lat' dir='ltr'>docent,</span> <span class='ocrx_word' id='word_1_125' title='bbox 362 2069 420 2135; x_wconf 89' lang='lat' dir='ltr'>sed</span> <span class='ocrx_word' id='word_1_126' title='bbox 437 2068 501 2136; x_wconf 89' lang='lat' dir='ltr'>hoo</span> <span class='ocrx_word' id='word_1_127' title='bbox 515 2069 608 2152; x_wconf 86' lang='lat' dir='ltr'>¹idem</span> <span class='ocrx_word' id='word_1_128' title='bbox 622 2067 725 2137; x_wconf 84' lang='lat' dir='ltr'>¹etiam</span> <span class='ocrx_word' id='word_1_129' title='bbox 743 2079 978 2158; x_wconf 87' lang='lat' dir='ltr'>postmortem</span> <span class='ocrx_word' id='word_1_130' title='bbox 994 2093 1110 2138; x_wconf 91' lang='lat' dir='ltr'>mouu-</span> 
     </span>
     <span class='ocr_line' id='line_1_18' title="bbox 97 2171 1110 2261; baseline 0.001 -23"><span class='ocrx_word' id='word_1_131' title='bbox 97 2172 223 2238; x_wconf 88' lang='lat' dir='ltr'>mentis</span> <span class='ocrx_word' id='word_1_132' title='bbox 240 2171 433 2238; x_wconf 88' lang='lat' dir='ltr'>litterarum·</span> <span class='ocrx_word' id='word_1_133' title='bbox 444 2182 673 2261; x_wconf 67' lang='lat' dir='ltr'>assequuntur:</span> <span class='ocrx_word' id='word_1_134' title='bbox 716 2173 790 2241; x_wconf 84' lang='lat' dir='ltr'>Nec</span> <span class='ocrx_word' id='word_1_135' title='bbox 808 2175 897 2240; x_wconf 87' lang='lat' dir='ltr'>enim</span> <span class='ocrx_word' id='word_1_136' title='bbox 913 2173 1110 2240; x_wconf 82' lang='lat' dir='ltr'>loeus&#39;ullu&#39;s</span> 
     </span>
     <span class='ocr_line' id='line_1_19' title="bbox 97 2275 1110 2364; baseline -0.002 -22"><span class='ocrx_word' id='word_1_137' title='bbox 97 2283 151 2342; x_wconf 88' lang='lat' dir='ltr'>est</span> <span class='ocrx_word' id='word_1_138' title='bbox 165 2275 414 2362; x_wconf 78' lang='lat' dir='ltr'>praetermissus</span> <span class='ocrx_word' id='word_1_139' title='bbox 430 2276 472 2342; x_wconf 92' lang='lat' dir='ltr'>ab</span> <span class='ocrx_word' id='word_1_140' title='bbox 486 2275 537 2358; x_wconf 84' lang='lat' dir='ltr'>iis&#39;,</span> <span class='ocrx_word' id='word_1_141' title='bbox 549 2277 608 2363; x_wconf 91' lang='lat' dir='ltr'>qui</span> <span class='ocrx_word' id='word_1_142' title='bbox 621 2277 663 2342; x_wconf 90' lang='lat' dir='ltr'>ad</span> <span class='ocrx_word' id='word_1_143' title='bbox 678 2277 777 2364; x_wconf 86' lang='lat' dir='ltr'>leges,</span> <span class='ocrx_word' id='word_1_144' title='bbox 789 2277 854 2364; x_wconf 47' lang='lat' dir='ltr'>qui*</span> <span class='ocrx_word' id='word_1_145' title='bbox 864 2277 906 2343; x_wconf 90' lang='lat' dir='ltr'>ad</span> <span class='ocrx_word' id='word_1_146' title='bbox 921 2297 1039 2360; x_wconf 88' lang='lat' dir='ltr'>mores,</span> <span class='ocrx_word' id='word_1_147' title='bbox 1051 2276 1110 2363; x_wconf 90' lang='lat' dir='ltr'>qui</span> 
     </span>
     <span class='ocr_line' id='line_1_20' title="bbox 98 2377 1109 2466; baseline 0.001 -23"><span class='ocrx_word' id='word_1_148' title='bbox 98 2379 142 2445; x_wconf 89' lang='lat' dir='ltr'>ad</span> <span class='ocrx_word' id='word_1_149' title='bbox 160 2377 370 2464; x_wconf 80' lang='lat' dir='ltr'>disciplinam</span> <span class='ocrx_word' id='word_1_150' title='bbox 388 2378 437 2444; x_wconf 89' lang='lat' dir='ltr'>rei</span> <span class='ocrx_word' id='word_1_151' title='bbox 454 2378 606 2466; x_wconf 89' lang='lat' dir='ltr'>publicae</span> <span class='ocrx_word' id='word_1_152' title='bbox 623 2381 814 2466; x_wconf 88' lang='lat' dir='ltr'>pertineret,</span> <span class='ocrx_word' id='word_1_153' title='bbox 831 2388 869 2445; x_wconf 90' lang='lat' dir='ltr'>ut</span> <span class='ocrx_word' id='word_1_154' title='bbox 887 2379 992 2446; x_wconf 92' lang='lat' dir='ltr'>otium</span> <span class='ocrx_word' id='word_1_155' title='bbox 1011 2401 1109 2445; x_wconf 90' lang='lat' dir='ltr'>suum</span> 
     </span>
     <span class='ocr_line' id='line_1_21' title="bbox 61 2480 1111 2568; baseline 0.002 -23"><span class='ocrx_word' id='word_1_156' title='bbox 61 2481 142 2546; x_wconf 74' lang='lat' dir='ltr'>read</span> <span class='ocrx_word' id='word_1_157' title='bbox 153 2487 303 2546; x_wconf 90' lang='lat' dir='ltr'>nostrum</span> <span class='ocrx_word' id='word_1_158' title='bbox 315 2481 488 2566; x_wconf 84' lang='lat' dir='ltr'>negotium</span> <span class='ocrx_word' id='word_1_159' title='bbox 500 2481 873 2547; x_wconf 57' lang='lat' dir='ltr'>contulisservideantur.</span> <span class='ocrx_word' id='word_1_160' title='bbox 917 2480 972 2546; x_wconf 88' lang='lat' dir='ltr'>Ita</span> <span class='ocrx_word' id='word_1_161' title='bbox 985 2481 1035 2546; x_wconf 93' lang='lat' dir='ltr'>illi</span> <span class='ocrx_word' id='word_1_162' title='bbox 1046 2481 1111 2568; x_wconf 91' lang='lat' dir='ltr'>ipsi</span> 
     </span>
     <span class='ocr_line' id='line_1_22' title="bbox 99 2583 1111 2672; baseline -0.002 -23"><span class='ocrx_word' id='word_1_163' title='bbox 99 2583 271 2650; x_wconf 79' lang='lat' dir='ltr'>doctrinae</span> <span class='ocrx_word' id='word_1_164' title='bbox 285 2583 404 2650; x_wconf 88' lang='lat' dir='ltr'>studiis</span> <span class='ocrx_word' id='word_1_165' title='bbox 418 2591 453 2650; x_wconf 89' lang='lat' dir='ltr'>et</span> <span class='ocrx_word' id='word_1_166' title='bbox 467 2583 765 2672; x_wconf 82' lang='lat' dir='ltr'>sapientieedediti</span> <span class='ocrx_word' id='word_1_167' title='bbox 781 2583 823 2648; x_wconf 91' lang='lat' dir='ltr'>ad</span> <span class='ocrx_word' id='word_1_168' title='bbox 835 2583 1009 2649; x_wconf 86' lang='lat' dir='ltr'>homiuum</span> <span class='ocrx_word' id='word_1_169' title='bbox 1024 2584 1111 2649; x_wconf 93' lang='lat' dir='ltr'>utili-</span> 
     </span>
     <span class='ocr_line' id='line_1_23' title="bbox 87 2685 1111 2774; baseline -0.003 -22"><span class='ocrx_word' id='word_1_170' title='bbox 87 2693 210 2771; x_wconf 75' lang='lat' dir='ltr'>tatem¹</span> <span class='ocrx_word' id='word_1_171' title='bbox 223 2687 316 2752; x_wconf 86' lang='lat' dir='ltr'>suam</span> <span class='ocrx_word' id='word_1_172' title='bbox 331 2687 541 2774; x_wconf 85' lang='lat' dir='ltr'>prudentiam</span> <span class='ocrx_word' id='word_1_173' title='bbox 555 2686 887 2773; x_wconf 83' lang='lat' dir='ltr'>intellegentiamque</span> <span class='ocrx_word' id='word_1_174' title='bbox 902 2685 1111 2772; x_wconf 86' lang='lat' dir='ltr'>potissimum</span> 
     </span>
     <span class='ocr_line' id='line_1_24' title="bbox 100 2786 1111 2876; baseline -0.004 -20"><span class='ocrx_word' id='word_1_175' title='bbox 100 2788 299 2872; x_wconf 83' lang='lat' dir='ltr'>conferunt3</span> <span class='ocrx_word' id='word_1_176' title='bbox 325 2790 368 2856; x_wconf 91' lang='lat' dir='ltr'>ob</span> <span class='ocrx_word' id='word_1_177' title='bbox 390 2794 529 2876; x_wconf 86' lang='lat' dir='ltr'>eamque</span> <span class='ocrx_word' id='word_1_178' title='bbox 554 2789 809 2855; x_wconf 80' lang='lat' dir='ltr'>etiamcausarn</span> <span class='ocrx_word' id='word_1_179' title='bbox 834 2787 946 2874; x_wconf 92' lang='lat' dir='ltr'>eloqui</span> <span class='ocrx_word' id='word_1_180' title='bbox 971 2786 1111 2873; x_wconf 84' lang='lat' dir='ltr'>copiose,</span> 
     </span>
     <span class='ocr_line' id='line_1_25' title="bbox 100 2888 1112 2979; baseline -0.003 -21"><span class='ocrx_word' id='word_1_181' title='bbox 100 2891 203 2958; x_wconf 91' lang='lat' dir='ltr'>modo</span> <span class='ocrx_word' id='word_1_182' title='bbox 224 2891 415 2979; x_wconf 89' lang='lat' dir='ltr'>prudenter,</span> <span class='ocrx_word' id='word_1_183' title='bbox 430 2891 549 2958; x_wconf 87' lang='lat' dir='ltr'>melius</span> <span class='ocrx_word' id='word_1_184' title='bbox 571 2901 621 2958; x_wconf 90' lang='lat' dir='ltr'>est</span> <span class='ocrx_word' id='word_1_185' title='bbox 638 2911 740 2978; x_wconf 90' lang='lat' dir='ltr'>quam</span> <span class='ocrx_word' id='word_1_186' title='bbox 756 2890 812 2958; x_wconf 85' lang='lat' dir='ltr'>vel</span> <span class='ocrx_word' id='word_1_187' title='bbox 833 2889 1019 2957; x_wconf 88' lang='lat' dir='ltr'>acutissime</span> <span class='ocrx_word' id='word_1_188' title='bbox 1040 2888 1112 2955; x_wconf 87' lang='lat' dir='ltr'>sine</span> 
     </span>
     <span class='ocr_line' id='line_1_26' title="bbox 66 2992 1111 3082; baseline 0.001 -25"><span class='ocrx_word' id='word_1_189' title='bbox 66 2993 294 3081; x_wconf 59' lang='lat' dir='ltr'>coloquentia</span> <span class='ocrx_word' id='word_1_190' title='bbox 313 2995 466 3081; x_wconf 85' lang='lat' dir='ltr'>cogitare,</span> <span class='ocrx_word' id='word_1_191' title='bbox 482 2994 572 3082; x_wconf 91' lang='lat' dir='ltr'>quod</span> <span class='ocrx_word' id='word_1_192' title='bbox 588 2994 746 3082; x_wconf 85' lang='lat' dir='ltr'>cogitatio</span> <span class='ocrx_word' id='word_1_193' title='bbox 761 2993 801 3059; x_wconf 91' lang='lat' dir='ltr'>in</span> <span class='ocrx_word' id='word_1_194' title='bbox 819 3013 860 3060; x_wconf 89' lang='lat' dir='ltr'>se·</span> <span class='ocrx_word' id='word_1_195' title='bbox 871 2993 943 3080; x_wconf 89' lang='lat' dir='ltr'>ipsa</span> <span class='ocrx_word' id='word_1_196' title='bbox 959 2992 1111 3077; x_wconf 86' lang='lat' dir='ltr'>vertitur,</span> 
     </span>
     <span class='ocr_line' id='line_1_27' title="bbox 102 3096 1112 3184; baseline 0.001 -22"><span class='ocrx_word' id='word_1_197' title='bbox 102 3096 294 3182; x_wconf 89' lang='lat' dir='ltr'>eloquentia</span> <span class='ocrx_word' id='word_1_198' title='bbox 319 3096 550 3183; x_wconf 87' lang='lat' dir='ltr'>complectitur</span> <span class='ocrx_word' id='word_1_199' title='bbox 571 3117 637 3180; x_wconf 88' lang='lat' dir='ltr'>eos,</span> <span class='ocrx_word' id='word_1_200' title='bbox 656 3097 853 3184; x_wconf 87' lang='lat' dir='ltr'>quibuscum</span> <span class='ocrx_word' id='word_1_201' title='bbox 874 3096 1112 3163; x_wconf 86' lang='lat' dir='ltr'>communitate</span> 
     </span>
     <span class='ocr_line' id='line_1_28' title="bbox 102 3197 1179 3288; baseline 0.001 -26"><span class='ocrx_word' id='word_1_202' title='bbox 102 3199 348 3265; x_wconf 72' lang='lat' dir='ltr'>iunctissimus.</span> <span class='ocrx_word' id='word_1_203' title='bbox 392 3199 506 3286; x_wconf 85' lang='lat' dir='ltr'>Atque</span> <span class='ocrx_word' id='word_1_204' title='bbox 521 3199 683 3286; x_wconf 89' lang='lat' dir='ltr'>utapium</span> <span class='ocrx_word' id='word_1_205' title='bbox 699 3199 850 3264; x_wconf 86' lang='lat' dir='ltr'>examina</span> <span class='ocrx_word' id='word_1_206' title='bbox 864 3197 1179 3288; x_wconf 81' lang='lat' dir='ltr'>uonfingendo157</span> 
     </span>
     <span class='ocr_line' id='line_1_29' title="bbox 102 3300 1113 3390; baseline 0.001 -24"><span class='ocrx_word' id='word_1_207' title='bbox 102 3321 178 3366; x_wconf 91' lang='lat' dir='ltr'>rum</span> <span class='ocrx_word' id='word_1_208' title='bbox 198 3300 355 3366; x_wconf 83' lang='lat' dir='ltr'>fev&#39;omm</span> <span class='ocrx_word' id='word_1_209' title='bbox 373 3321 471 3366; x_wconf 89' lang='lat' dir='ltr'>causa</span> <span class='ocrx_word' id='word_1_210' title='bbox 490 3306 742 3388; x_wconf 85' lang='lat' dir='ltr'>congregantur,</span> <span class='ocrx_word' id='word_1_211' title='bbox 758 3301 826 3385; x_wconf 89' lang='lat' dir='ltr'>sed,</span> <span class='ocrx_word' id='word_1_212' title='bbox 842 3323 919 3368; x_wconf 88' lang='lat' dir='ltr'>cum</span> <span class='ocrx_word' id='word_1_213' title='bbox 939 3323 1113 3390; x_wconf 87' lang='lat' dir='ltr'>congrega-</span> 
     </span>
     <span class='ocr_line' id='line_1_30' title="bbox 102 3403 1113 3491; baseline 0.003 -22"><span class='ocrx_word' id='word_1_214' title='bbox 102 3403 185 3469; x_wconf 86' lang='lat' dir='ltr'>bilia</span> <span class='ocrx_word' id='word_1_215' title='bbox 202 3412 323 3468; x_wconf 82' lang='lat' dir='ltr'>nature</span> <span class='ocrx_word' id='word_1_216' title='bbox 344 3403 421 3486; x_wconf 89' lang='lat' dir='ltr'>sint,</span> <span class='ocrx_word' id='word_1_217' title='bbox 436 3403 575 3491; x_wconf 83' lang='lat' dir='ltr'>fingunt·</span> <span class='ocrx_word' id='word_1_218' title='bbox 586 3404 691 3487; x_wconf 80' lang='lat' dir='ltr'>favos,</span> <span class='ocrx_word' id='word_1_219' title='bbox 707 3405 753 3471; x_wconf 86' lang='lat' dir='ltr'>sic</span> <span class='ocrx_word' id='word_1_220' title='bbox 772 3404 984 3490; x_wconf 65' lang='lat' dir='ltr'>homineque</span> <span class='ocrx_word' id='word_1_221' title='bbox 1005 3406 1113 3472; x_wconf 86' lang='lat' dir='ltr'>multo</span> 
     </span>
     <span class='ocr_line' id='line_1_31' title="bbox 71 3505 1114 3596; baseline 0.01 -30"><span class='ocrx_word' id='word_1_222' title='bbox 71 3505 206 3572; x_wconf 79' lang='lat' dir='ltr'>aretiam</span> <span class='ocrx_word' id='word_1_223' title='bbox 228 3505 335 3592; x_wconf 87' lang='lat' dir='ltr'>magis</span> <span class='ocrx_word' id='word_1_224' title='bbox 355 3513 473 3571; x_wconf 88' lang='lat' dir='ltr'>natura</span> <span class='ocrx_word' id='word_1_225' title='bbox 493 3510 685 3594; x_wconf 86' lang='lat' dir='ltr'>congregati</span> <span class='ocrx_word' id='word_1_226' title='bbox 708 3506 868 3574; x_wconf 82' lang='lat' dir='ltr'>adhibent</span> <span class='ocrx_word' id='word_1_227' title='bbox 889 3508 1009 3596; x_wconf 86' lang='lat' dir='ltr'>agendi</span> <span class='ocrx_word' id='word_1_228' title='bbox 1029 3508 1114 3596; x_wconf 85' lang='lat' dir='ltr'>cugi-</span> 
     </span>
     <span class='ocr_line' id='line_1_32' title="bbox 102 3606 1114 3696; baseline 0.004 -23"><span class='ocrx_word' id='word_1_229' title='bbox 102 3607 269 3695; x_wconf 88' lang='lat' dir='ltr'>tandique·</span> <span class='ocrx_word' id='word_1_230' title='bbox 286 3606 474 3674; x_wconf 73' lang='lat' dir='ltr'>sollertiam.¹</span> <span class='ocrx_word' id='word_1_231' title='bbox 518 3607 646 3696; x_wconf 85' lang='lat' dir='ltr'>Itaque,</span> <span class='ocrx_word' id='word_1_232' title='bbox 661 3609 726 3674; x_wconf 90' lang='lat' dir='ltr'>nisi</span> <span class='ocrx_word' id='word_1_233' title='bbox 748 3631 786 3676; x_wconf 90' lang='lat' dir='ltr'>ea</span> <span class='ocrx_word' id='word_1_234' title='bbox 802 3610 919 3693; x_wconf 83' lang='lat' dir='ltr'>virtus,</span> <span class='ocrx_word' id='word_1_235' title='bbox 935 3631 1018 3696; x_wconf 88' lang='lat' dir='ltr'>quae</span> <span class='ocrx_word' id='word_1_236' title='bbox 1039 3631 1114 3677; x_wconf 89' lang='lat' dir='ltr'>cou-</span> 
     </span>
     <span class='ocr_line' id='line_1_33' title="bbox 103 3709 1115 3799; baseline 0 -21"><span class='ocrx_word' id='word_1_237' title='bbox 103 3719 170 3778; x_wconf 85' lang='lat' dir='ltr'>stat</span> <span class='ocrx_word' id='word_1_238' title='bbox 189 3733 234 3780; x_wconf 86' lang='lat' dir='ltr'>ex</span> <span class='ocrx_word' id='word_1_239' title='bbox 252 3709 607 3797; x_wconf 80' lang='lat' dir='ltr'>hominibus-tuendis,</span> <span class='ocrx_word' id='word_1_240' title='bbox 622 3711 659 3778; x_wconf 93' lang='lat' dir='ltr'>id</span> <span class='ocrx_word' id='word_1_241' title='bbox 676 3719 788 3778; x_wconf 86' lang='lat' dir='ltr'>estex</span> <span class='ocrx_word' id='word_1_242' title='bbox 809 3713 964 3780; x_wconf 85' lang='lat' dir='ltr'>societate</span> <span class='ocrx_word' id='word_1_243' title='bbox 983 3712 1115 3799; x_wconf 85' lang='lat' dir='ltr'>generis</span> 
     </span>
    </p>
   </div>
   <div class='ocr_carea' id='block_1_3' title="bbox 0 0 1368 4374">
    <p class='ocr_par' dir='ltr' id='par_1_3' title="bbox 0 0 1368 4374">
     <span class='ocr_line' id='line_1_34' title="bbox 0 0 1368 4374; baseline 0 0"><span class='ocrx_word' id='word_1_244' title='bbox 0 0 1368 4374; x_wconf 95' lang='lat' dir='ltr'> </span> 
     </span>
    </p>
   </div>
  </div>
 </body>
</html>
