2734 4362
198 361 241 428 uo
439 395 444 404 .
553 353 814 414 mammons
969 350 974 399 ῑ

183 532 272 578 ¹mus
293 532 355 578 nec
377 532 536 600 umquam
563 507 627 578 nisi
648 511 840 597 necessario,
858 511 887 580 si
908 509 1000 577 nulls
1022 501 1219 600 reperietur

146 635 150 642 ·
199 615 263 682 alia
273 613 455 698 medicina3
477 615 535 683 sed
547 622 657 684 tamen
669 612 719 682 ira
727 605 844 704 procul
854 615 949 697 absit,
958 637 1034 682 cnm
1044 635 1112 702 qun
1123 613 1216 679 nihil

132 721 189 784 137
199 725 289 785 recte
308 715 393 801 fieri,
410 716 496 784 nihil
520 718 725 792 considerate
746 725 866 806 potest.
891 711 1069 804 ¹Magnam
1094 725 1219 790 eutem

198 830 326 910 partem
344 821 499 888 clementi
517 821 732 910 castigatione
748 821 830 889 lieet·
841 821 903 904 nti,
914 821 1077 909 gravitate
1093 827 1221 886 tamon

199 911 363 1008 adiuncta,
379 932 418 990 ut
437 925 593 990 severitas
614 919 808 991 adhibeatur
830 932 865 990 ot
882 913 1083 991 contumelia
1095 913 1252 1009 'repels

199 1027 296 1110 latur,
308 1036 407 1114 atque
428 1025 529 1092 etiam
551 1025 636 1092 illud
655 1027 775 1115 ipsnm',
787 1026 877 1114 quod
899 1016 1084 1093 acerbitatis
1107 1024 1220 1090 habet

200 1129 394 1216 obiurgatio,
406 1127 658 1216 significandum
672 1139 733 1214 est,
747 1130 849 1217 ipsius
863 1129 898 1195 id
909 1140 1015 1211 cause,
1027 1127 1219 1215 qui-obiur-

199 1238 385 1318 getur,esse
396 1241 594 1319 susceptum.
639 1230 781 1308 Rectum
793 1239 843 1298 est
856 1239 968 1298 autern
983 1231 1083 1296 otiam
1093 1230 1131 1297 in
1141 1229 1219 1294 illis

200 1333 477 1416 contentionibus,
496 1355 580 1422 quae
603 1354 682 1400 cum
703 1329 940 1400 inimicissimis
963 1323 1059 1416 fiunt,
1077 1323 1221 1398 etiamsi

200 1435 296 1502 nobis
310 1435 447 1523 indigns
462 1435 643 1520 audiamus,
652 1443 763 1503 tamen
778 1435 975 1524 gravitatem
987 1435 1140 1518 retinere,
1150 1438 1255 1499 ira-ra

201 1537 355 1606 cundiam
375 1536 544 1626 repellere.
589 1537 684 1616 Quae
705 1539 892 1604 enimcum
915 1537 1024 1624 aliqua
1040 1537 1220 1623 perturba-

186 1642 292 1708 :tione
313 1641 411 1724 finnt,
426 1661 465 1707 ea
485 1661 547 1707 nec
568 1649 758 1707 constanter
775 1639 847 1708 fieri
869 1649 1006 1729 possunt
1028 1660 1139 1726 neque
1158 1640 1218 1721 iis,

201 1747 260 1834 qui
281 1745 411 1827 adsunt,
426 1743 568 1831 probari.
612 1742 775 1810 Deforme
796 1745 896 1810 etiam
915 1752 966 1809 est
983 1743 1025 1808 dc
1046 1764 1081 1808 se
1097 1743 1219 1828 ipsum

201 1851 400 1938 praedicare,
415 1849 498 1916 falsa
519 1839 774 1942 praesertim&
796 1872 871 1916 cum
895 1849 1053 1915 inrisione
1077 1848 1220 1944 audien-

201 1952 287 2017 tium
305 1951 429 2016 imitari
448 1950 587 2017 militem
607 1950 798 2038 gloriosum.
981 1943 985 1948 ’
1029 1943 1033 1950 ’
1227 1972 1257 2013 rs

140 2024 185 2094 ³⁹
244 2051 290 2118 Et
314 2052 471 2138 quoniam
500 2053 612 2120 omnia
636 2055 874 2140 persequimur,
892 2052 1046 2119 volumus
1073 2051 1218 2139 quidem

135 2116 301 2237 138certe,
313 2154 492 2221 dicendum
509 2163 559 2221 cst
575 2156 686 2239 etiam,
698 2155 829 2242 qualern
848 2156 992 2222 hominis
1005 2155 1159 2223 honorati
1176 2145 1218 2221 ct

202 2257 363 2346 principis
384 2256 521 2322 domum
539 2257 665 2344 placcat
687 2280 766 2340 esse,
782 2259 875 2325 onius
895 2257 972 2324 finis
993 2265 1043 2324 est
1065 2279 1153 2341 usus,
1162 2249 1217 2324 -ad

202 2381 303 2448 quern
313 2358 589 2428 accommodanda
599 2369 650 2427 est
660 2353 854 2435 aedificandi
866 2362 1041 2448 descriptio
1052 2350 1214 2427 ettamen

201 2460 388 2530 adhibenda
405 2464 648 2530 commoditatis
664 2465 902 2552 dignitatisque
919 2451 1101 2551 diligentia.
1148 2452 1255 2530 Omra

202 2563 352 2651 Octavio,
367 2565 426 2654 qui
449 2566 575 2654 primns
597 2588 638 2632 ox
660 2564 718 2632 illa
733 2556 872 2632 'familia'
889 2555 1003 2634 consul
1020 2555 1128 2636 factus
1151 2576 1213 2650 est,

200 2667 323 2737 honori
340 2667 443 2736 fuisse
465 2668 661 2756 accepimus,
677 2669 767 2756 qnod
786 2661 986 2755 praeclaram
1008 2667 1218 2738 aedificasset

201 2773 238 2840 in
263 2772 393 2840 Palatio
421 2779 455 2840 et
480 2771 614 2860 plenam
640 2771 813 2858 diguitatis
838 2772 994 2854 dornumj
1022 2793 1213 2858 quaecum

202 2875 305 2962 vulgo
329 2877 501 2957 viseretur,
524 2873 702 2960 suffragata
726 2865 872 2958 domino,
894 2886 983 2941 nov'o
1008 2875 1146 2957 homiui,
1169 2876 1219 2940 ad·

202 2975 408 3043 consulatum
428 2976 625 3062 putabetur3
648 2976 732 3042 hanc
752 2977 893 3044 Scaurus
912 2977 1089 3044 demolitus
1107 2966 1252 3043 acces-ss
1355 3004 1359 3017 ·

202 3078 329 3144 sionem
347 3077 498 3144 adiunxit
514 3079 659 3145 aedibus.
704 3077 823 3166 Itaque
840 3080 897 3146 ille
913 3080 951 3144 in·
963 3067 1210 3148 suam-domurn

202 3175 408 3245 consulatum
423 3179 552 3266 primns
566 3181 689 3264 attulit,
699 3181 764 3265 hic,
777 3183 898 3248 summi
913 3189 947 3248 et
962 3183 1132 3250 clarissimi
1146 3183 1212 3247 viri

201 3279 301 3364 filius,
320 3281 358 3346 in·
382 3280 519 3347 domum
542 3279 796 3370 multiplicatam
817 3305 890 3351 uon
912 3285 1079 3372 repulsam
1103 3275 1217 3351 solum

135 3382 341 3465 murenulis,
360 3383 417 3450 sed
442 3383 660 3471 ignominiam
685 3386 786 3452 etiam
814 3394 849 3452 ct
874 3386 1103 3453 calamitatem.
1148 3386 1213 3452 'Or-

202 3484 312 3551 nanda
326 3485 415 3552 enim
433 3493 483 3551 ost
497 3483 642 3574 dignitas
652 3481 765 3571 domu,
779 3509 844 3555 uon
861 3509 902 3554 ex
917 3481 1017 3556 domo
1031 3479 1245 3576 totasquae-aa

95 3587 97 3590 ’
203 3587 316 3667 reuda,
334 3609 396 3655 uec
420 3589 519 3656 doruo
545 3589 709 3672 dominus,
726 3591 783 3656 sed
809 3587 945 3658 domiuo
971 3585 1089 3657 dornue'
1110 3591 1212 3658 <hone-

205 3691 321 3759 standa
342 3699 401 3775 est,
417 3699 461 3774 et,
475 3687 514 3756 u't
531 3691 571 3754 iu
581 3692 708 3762 ceteris
724 3691 874 3760 habenda
895 3683 1146 3760 ratio-nonsua
1165 3681 1213 3760 so
