2710 4374
370 410 440 461 LIB.
458 411 495 460 11.
532 403 611 462 c'AP.
634 413 675 475 17,
692 413 733 463 18.
768 411 783 474 ξ
801 414 890 465 seua.
1074 415 1137 480 103

109 555 287 642 praeclara
299 558 363 624 illa
378 560 554 646 propylaea
568 561 754 630 coniecerit.
800 563 866 630 Sed
880 562 923 629 de
937 561 1001 630 hoc
1015 585 1137 651 genere

110 669 184 725 toto
203 660 241 724 in
262 661 309 726 iis
329 661 433 746 libris,
452 685 535 751 quos
553 665 594 731 de
611 687 647 732 re
666 666 799 754 publica
820 666 944 753 scripsi,
960 666 1137 755 diligenter

109 769 161 827 est
183 763 415 851 disputatum.
462 766 546 834 Tota
564 769 667 856 igitur
684 769 768 836 ratio
786 769 903 834 talium
921 769 1136 856 largitionum

109 887 237 952 genere
253 868 382 934 vitiosa
396 877 455 952 est,
472 871 677 958 temporibus
692 872 879 954 necessaria,
891 879 925 938 et
939 880 1012 938 tum
1027 873 1136 961 ipsum

89 976 145 1034 oet
160 969 203 1034 ad
219 969 409 1037 facultates
427 974 702 1040 accommodanda
723 983 758 1040 et
780 975 1006 1041 mediocritate
1028 977 1137 1042 mode·

110 1073 215 1138 rande
231 1081 304 1140 est.'

154 1173 197 1240 In
213 1175 277 1242 illo
297 1185 415 1244 autem
431 1178 535 1245 altero
553 1201 674 1267 genere
692 1179 864 1268 largiendi,
880 1182 971 1269 quod
989 1202 1008 1247 a
1025 1149 1183 1292 libera-{ff

110 1277 207 1344 litate
231 1279 472 1367 proficiscitur,
488 1303 557 1348 non
575 1304 642 1348 uno
661 1283 759 1350 ruodo
776 1284 811 1348 in
830 1285 1014 1372 disparibus
1031 1286 1136 1351 causis

113 1381 239 1448 adfecti
255 1405 335 1449 esse
351 1385 518 1450 debemus.
566 1385 643 1450 Alia
658 1407 753 1451 causa
771 1396 821 1452 est
839 1387 919 1470 eius,
934 1387 993 1474 qui
1008 1387 1137 1454 calami·

80 1492 181 1550 1otate
204 1487 389 1572 premitur,
408 1496 442 1552 et
464 1489 545 1570 eius,
563 1489 622 1575 qui
644 1511 695 1554 res
717 1489 869 1554 meliores
890 1489 1020 1575 quaerit
1037 1489 1137 1554 nullis

114 1589 181 1652 suis
198 1590 305 1655 rebus
331 1591 485 1656 adversis.
531 1590 733 1678 Propensior
751 1592 939 1678 benignitas
956 1611 1024 1656 csse
1042 1590 1183 1657 debe-62

115 1690 164 1756 bit
186 1691 223 1756 in
258 1693 480 1776 calamitosos,
503 1695 567 1759 uisi
594 1695 683 1760 forte
705 1703 803 1760 erunt
825 1693 920 1780 digni
942 1693 1135 1759 calamitate.

116 1791 157 1857 In
180 1795 222 1860 iis
244 1803 375 1880 tameo,
394 1798 452 1882 qui
470 1819 505 1862 se
523 1797 671 1862 adiuvari
695 1797 817 1880 volent,
837 1818 903 1861 non
923 1817 965 1860 ne
982 1793 1137 1882 adfligan-

117 1903 181 1978 tur,
204 1899 266 1964 sed
295 1909 338 1964 ut
360 1889 511 1964 altio-rem
534 1900 672 1985 gradum
696 1899 882 1980 ascendant,
905 1898 1044 1964 restricti
1067 1920 1137 1963 om·

88 1998 198 2064 unino
216 2022 290 2066 esse
311 2001 405 2066 nullo
425 2001 523 2067 modo
541 2001 709 2083 debemus,
728 2001 784 2067 sed
806 2001 841 2066 in
865 2000 1051 2088 deligendis
1069 2000 1136 2066 ido-

120 2102 189 2166 neis
203 2103 373 2170 iudicium
389 2112 423 2170 et
438 2104 645 2192 diligentiam
663 2104 828 2172 adhibere.
865 2103 955 2172 Nam
970 2103 1135 2192 praeclare

121 2200 268 2273 Ennius:

296 2311 376 2366 Bene
387 2310 462 2365 laeta
473 2310 547 2365 male
559 2311 652 2365 locata
664 2311 736 2365 male
747 2310 823 2366 facta
834 2311 961 2366 arbitror.

125 2411 222 2490 Quod
236 2425 353 2482 autern
369 2417 531 2482 tributum
547 2423 597 2481 est
612 2416 699 2482 bono
713 2417 782 2482 viro
797 2425 831 2482 et
844 2416 995 2504 grato‚in
1009 2427 1183 2483 coeamus

93 2534 163 2580 sex
178 2518 252 2604 ipso
267 2521 401 2586 fruetus
418 2529 477 2601 est,
497 2528 569 2584 tum
586 2520 687 2584 etiam
704 2541 745 2584 ex
763 2520 890 2584 ceteris.
905 2509 907 2514 ’
935 2518 1136 2584 Temeritate

127 2620 212 2686 enim
225 2630 356 2689 remota
364 2623 549 2711 gratissima
559 2630 609 2688 est
620 2621 808 2703 liberalitas,
818 2642 923 2707 eoque
933 2641 1004 2686 eam
1015 2620 1136 2685 studio·

127 2721 192 2788 sius
216 2726 370 2812 plerique
395 2725 540 2808 laudant,
567 2724 656 2812 quod
679 2723 801 2788 summi
826 2724 985 2808 cuiusque
1007 2721 1137 2787 bonitus

130 2845 304 2894 commune
319 2829 511 2916 perfugium
527 2835 576 2894 est
591 2827 751 2894 omnium.
785 2824 905 2890 Danda
919 2825 1023 2911 igitur
1037 2843 1137 2910 opera

130 2935 187 3012 est,
198 2939 236 2996 ut
251 2933 295 2997 iis
309 2929 478 2998 benefieiis
492 2951 591 3016 qnam
608 2929 768 3017 plurimos
782 2926 982 3009 adiiciamus,
994 2947 1134 3012 qnorum

101 3036 289 3100 anemoria
313 3034 425 3100 liberis
450 3033 655 3121 posterisque
677 3031 844 3119 prodatur,
868 3038 906 3096 ut
931 3030 971 3096 iis
996 3030 1136 3116 ingratis

133 3152 291 3204 essenon
318 3137 425 3203 liceat.
471 3136 596 3201 Omnes
614 3135 710 3216 enim
740 3135 956 3201 inmemorem
983 3133 1133 3202 beneficii

134 3234 425 3327 oderunteamque
439 3238 592 3303 iniuriam
605 3238 615 3302 i
620 3258 640 3300 n
656 3237 850 3302 deterrenda
865 3236 1060 3304 liberalitate
1071 3237 1134 3303 sibi

136 3339 231 3407 etism
262 3343 336 3408 fieri
364 3363 516 3428 eumque,
543 3343 601 3428 qui
629 3340 740 3424 faciat,
766 3362 976 3406 communem
1005 3339 1133 3405 hostem

136 3444 317 3511 tenuiorum
341 3453 470 3532 putant.
515 3444 630 3530 Atque
653 3443 733 3509 haee
757 3443 942 3530 benignitas
964 3444 1064 3508 etiam
1086 3443 1134 3507 rei

108 3545 281 3626 ⁸lpublieae
303 3557 353 3614 est
375 3548 475 3629 utilis,
495 3547 613 3612 redimi
635 3545 831 3612 eservitute
853 3553 975 3632 captos,
994 3545 1135 3632 locuple

138 3648 195 3712 tari
209 3653 392 3733 tenuiores3
414 3650 503 3738 quod
518 3650 652 3736 quidem
670 3649 767 3735 volgo
785 3648 919 3714 solitum
937 3645 1010 3712 fieri
1027 3649 1069 3714 eb
1087 3670 1136 3713 or·

140 3745 211 3816 dine
231 3762 341 3821 nostro
363 3754 399 3817 in
417 3753 564 3821 oratione
582 3751 690 3817 Orassi
713 3750 871 3838 scriptum
894 3750 1026 3836 copiose
1047 3750 1135 3814 uide
