2734 4362
223 357 266 420 50
480 395 484 404 .
613 353 666 404 nn
686 351 841 407 orrnons
886 397 889 405 .

224 503 393 592 voluptate
413 503 449 568 in
471 501 620 591 aliqnam'
638 501 881 591 turpitudinem
902 499 1101 568 delabantur.
1144 501 1236 590 Sup-

222 606 373 694 peditant
388 609 498 672 antem
513 614 547 672 et
561 626 697 694 campus
714 612 826 672 noster
841 612 876 672 et
890 604 1000 672 studia
1013 603 1157 671 venandi
1172 604 1236 671 ho·

159 768 207 838 8⁰
222 711 315 776 nesta
331 707 483 796 exempla
496 707 644 775 ludendi.
711 745 721 758 s

154 861 232 930 105
265 809 331 877 Sed
349 812 494 898 pertinet
510 810 552 876 a'd
574 831 709 878 omnem
730 809 832 877 officii
853 810 1080 898 quaestionem
1093 770 1234 896 semper

220 913 257 979 in
272 920 430 1000 promptu
445 911 576 997 habere,
589 920 752 1000 qnantum
764 919 882 978 natura
892 911 1037 978 hominis
1048 911 1233 1000 pecudibus
1252 931 1267 970 a

222 1015 426 1103 reliquisque
446 1015 554 1083 beluis
575 1015 766 1098 antecedat3
787 1014 865 1082 illae
886 1015 972 1082 nihil
994 1015 1143 1082 sentiunt
1163 1014 1234 1079 nisi

221 1117 428 1206 voluptatem
442 1117 484 1183 ud
499 1138 639 1205 eamque
656 1117 812 1184 feruntur
826 1119 919 1184 omni
934 1117 1073 1205 impetu,
1085 1116 1234 1183 hominis

221 1227 334 1288 antem
356 1241 450 1288 mens
471 1221 627 1288 discendo
648 1220 749 1286 alitur
765 1228 800 1287 et
820 1220 1008 1308 cogitando,
1024 1233 1155 1306 semper
1173 1218 1235 1284 ali·

222 1321 304 1412 qnid
326 1332 385 1390 aut
406 1323 552 1411 anquirit
569 1331 627 1390 aut
643 1323 714 1411 agit
731 1323 934 1410 videndique
950 1331 985 1389 et
1002 1321 1157 1388 audiendi
1174 1321 1236 1386 de·

222 1425 398 1494 lactatione
422 1425 565 1493 ducitur.
609 1425 700 1504 Quin
722 1425 833 1509 etiam,
851 1427 879 1492 si
901 1425 976 1513 quis
994 1424 1167 1512 estpaulo
1187 1425 1233 1490 ad
1242 1442 1267 1482 1⁰

222 1528 410 1618 'voluptates
424 1527 627 1617 propensior,
643 1527 743 1595 modo
758 1550 801 1594 ne
816 1529 859 1594 sit
874 1550 916 1594 ex
930 1528 1095 1616 pecudum
1110 1548 1235 1614 genere

170 1667 173 1673 ·
221 1631 313 1719 (sunt
336 1631 426 1698 enim
448 1630 584 1718 quidam
605 1629 756 1697 homines
777 1653 844 1697 non
863 1653 909 1714 re,
924 1631 983 1696 sed
1000 1630 1158 1716 nomine),
1173 1629 1234 1694 sed

222 1735 251 1800 si
272 1735 346 1822 quis
364 1741 413 1800 est
430 1733 530 1821 paulo
548 1733 696 1816 erectior,
715 1734 867 1820 quamvis
885 1732 1057 1821 voluptate
1072 1733 1234 1820 capiatur,

222 1835 365 1903 occultat
393 1842 428 1900 et
455 1834 639 1901 dissimulat
670 1835 856 1923 appetitum
886 1835 1067 1922 voluptatis
1095 1843 1235 1922 propter

47 1961 53 1970 “
156 1951 214 2007 106
223 1936 467 2004 verecundiam.
503 1936 556 2004 Ex
571 1959 638 2025 qno
649 1937 856 2026 intellegitur
866 1925 1265 2031 corporisvolnpt'atemu

223 2059 290 2105 non
306 2038 385 2104 satis
399 2059 468 2105 esse
483 2038 617 2126 dignam
629 2039 773 2106 hominis
785 2041 992 2128 praestantia,
1005 2060 1142 2127 eamque
1155 2062 1233 2106 con·

223 2141 330 2208 temni
347 2147 382 2207 et
403 2141 482 2210 reici
499 2150 671 2229 oportere;
692 2143 743 2208 sin
766 2143 809 2208 sit
830 2142 1005 2231 quispiam,
1023 2144 1081 2230 qni
1103 2142 1232 2230 aliquid

223 2243 348 2312 tribnat
377 2242 551 2332 voluptati,
580 2243 760 2332 diligenter
787 2245 819 2312 ei
848 2246 1030 2312 tenendum
1059 2267 1129 2312 esse
1159 2247 1232 2311 eius

222 2345 385 2412 fruendae
399 2345 547 2412 modom.
591 2345 710 2434 Itaque
724 2348 831 2415 victus
845 2348 1018 2436 cultusque
1033 2349 1177 2437 corporis
1187 2349 1230 2414 ad

158 2469 161 2478 ·
223 2449 448 2516 valetudinem
466 2449 630 2516 referatur
648 2450 740 2518 etad
759 2451 856 2535 vires,
872 2467 938 2518 non
956 2452 1263 2539 advolnptatemu

223 2554 338 2640 Atque
352 2552 453 2618 etiam
468 2552 496 2618 si
510 2552 716 2620 considerare
731 2553 895 2639 volumus,
907 2541 992 2642 quae
1005 2555 1099 2621 sitin
1114 2563 1232 2620 natura

221 2655 417 2722 excellentia
441 2661 477 2721 et
499 2655 655 2742 dignitas,
680 2656 922 2744 intellegemus,
945 2659 1111 2745 quamsit
1133 2665 1231 2744 turpe

221 2757 370 2826 diffluere
387 2756 519 2824 luxuria
533 2765 567 2824 et
582 2756 723 2830 delicate
736 2780 774 2826 ac
785 2759 930 2826 molliter
942 2760 1053 2833 virere
1064 2781 1231 2848 quamque

222 2859 398 2926 honestum
413 2881 520 2946 parce,
535 2861 753 2944 continenter,
767 2883 890 2945 severe,
906 2863 1024 2932 sobrie.
1103 2878 1107 2884 '
1168 2929 1171 2934 .

156 2971 213 3032 107
266 2961 535 3047 Intellegendum
557 2963 657 3028 etiam
676 2971 725 3030 est
743 2964 870 3036 duabus
888 2965 982 3051 quasi
999 2987 1096 3032 noea
1114 2972 1260 3032 naturane

222 3061 358 3128 indutos
378 3083 450 3128 esse
470 3065 638 3150 personis;
661 3087 802 3152 quarum
823 3088 890 3132 una
912 3069 1097 3134 communis
1119 3077 1230 3134 estex

218 3185 273 3246 eo,
289 3163 378 3250 quod
393 3177 507 3231 omnes
521 3168 697 3254 participes
715 3187 830 3235 sumus
847 3169 983 3236 rationis
1000 3171 1230 3258 praestantiae

222 3287 292 3352 que
313 3266 395 3348 eius,
411 3287 476 3352 qua
498 3269 723 3337 antecellimus
746 3271 904 3355 bestiis,a
925 3292 991 3358 qua
1012 3285 1112 3344 omne
1133 3272 1229 3339 hone

223 3375 313 3433 stum
327 3367 549 3456 decorumque
567 3371 719 3457 trahitur,
736 3381 830 3440 etex
848 3395 914 3460 qua
931 3375 1015 3442 ratio
1036 3375 1228 3447 inveniendi

223 3471 324 3540 officii
348 3474 544 3561 exquiritur,
566 3475 669 3543 altera
690 3486 812 3563 autem,
831 3501 915 3566 quae
937 3481 1070 3567 proprie
1091 3481 1255 3569 singulisa

223 3582 275 3642 est
292 3575 427 3643 tributa.
470 3577 520 3644 Ut
536 3579 625 3644 enim
643 3580 680 3646 in
698 3582 1048 3671 corporibnsmagnae
1064 3583 1227 3651 dissimili-

224 3678 356 3749 tudines
370 3687 449 3750 sunt
462 3679 557 3766 (alios
574 3682 727 3752 videmus
744 3684 920 3754 velocitate
934 3685 976 3754 ad
992 3708 1137 3772 cursum,
1152 3687 1226 3754 alios
