2710 4374
397 403 465 454 ΗΒ.
485 403 522 454 ΙΙ.
558 401 638 454 CAP.
657 405 683 467 6,
700 406 722 455 7.
759 402 774 465 ἓ
793 405 882 456 19-24.
1104 405 1146 474 87

130 551 297 640 pluribus.
342 551 521 618 Ducuntur
543 553 631 618 euim
655 559 713 619 ant
730 553 954 621 benivolentia
976 561 1010 620 ct
1027 555 1146 621 benefi·

131 656 262 722 ciorum
281 655 512 742 magnitudine
531 664 589 721 ant
606 656 779 743 dignitatis
796 658 996 743 praestantia
1014 666 1072 723 aut
1089 679 1147 745 spo

130 759 198 824 sibi
216 755 252 822 id
267 756 351 824 ntile
368 757 521 823 futurum
540 766 598 824 aut
615 767 718 843 metu,
730 781 773 825 ue
791 760 825 824 vi
843 781 958 847 parere
975 769 1145 848 cogantur,

130 869 192 926 aut
210 881 270 947 spe
286 859 471 948 largitionis
489 861 723 949 promissisque
740 862 827 948 capti
845 871 903 927 ant
920 869 1096 948 postremo,
1109 873 1147 928 ut

104 973 232 1049 s'saepe
249 963 284 1027 in
302 971 414 1029 nostra
431 985 467 1028 re
484 963 618 1050 publica
635 964 796 1047 videmus,
812 965 963 1031 mercede
980 966 1145 1031 conducti.

131 1064 298 1130 Omnium
313 1073 425 1131 antem
436 1087 546 1131 rerum
561 1055 624 1132 uec
638 1066 747 1153 aptius
761 1073 811 1132 est
823 1067 998 1153 quicquam
1014 1067 1056 1132 ad
1068 1088 1148 1155 opes
1157 1037 1194 1182 2⁷3

131 1168 277 1234 tuendas
294 1188 332 1234 ac
350 1168 508 1234 tenendas
526 1189 626 1254 qnam
641 1167 737 1254 diligi
756 1190 817 1236 nce
835 1169 974 1236 alienius
991 1191 1092 1256 qnam
1109 1170 1148 1236 ti·

133 1270 230 1336 meri.
276 1269 448 1337 Praeclare
462 1270 551 1336 enim
568 1269 715 1337 Ennius:

151 1433 246 1502 Quem
261 1436 399 1506 metuunt,
410 1435 547 1505 odtmnt3
566 1451 650 1506 quem
664 1434 783 1505 quisquc
798 1435 869 1506 odit,
878 1435 994 1507 periisse
1009 1436 1124 1508 expetit.

96 1599 124 1640 1⁰
133 1582 326 1650 Multorum
346 1594 459 1649 autem
481 1583 566 1650 odiis
587 1583 696 1649 nullas
719 1603 798 1670 opes
819 1604 914 1670 posse
936 1583 1103 1667 obsistere,
1122 1584 1150 1650 si

134 1693 237 1750 autea
261 1685 330 1751 fuit
351 1686 515 1773 ignotum,
533 1707 642 1773 nuper
663 1692 714 1750 est
740 1685 921 1771 cognitum.
973 1684 1047 1752 Nec
1072 1708 1150 1753 vero

133 1785 239 1851 huius
257 1788 390 1872 tyranni
408 1785 525 1869 solum,
542 1807 641 1872 quem
661 1784 761 1850 armis
778 1806 932 1872 oppressa
948 1784 1087 1872 pertulit
1107 1786 1150 1852 ci·

133 1889 226 1953 ritas
240 1896 399 1978 paretque
414 1910 490 1953 cum
506 1881 661 1954 maxume
677 1894 817 1971 mortuo,
827 1887 982 1953 interitus
996 1887 1149 1972 declarat,

136 1997 305 2078 quantum
328 1990 442 2055 odium
464 1989 638 2056 hominnm
660 1989 768 2056 valeat
790 1989 831 2054 ad
849 1997 986 2076 pestem,
1002 1990 1058 2056 sed
1079 1990 1151 2056 reli·

98 2123 126 2168 15
138 2113 285 2183 quornm
303 2092 426 2159 similes
444 2093 552 2158 exitus
569 2101 797 2180 tyrannorum,
812 2114 954 2178 quornm
972 2092 1061 2159 haud
1078 2093 1150 2160 fore

139 2197 315 2284 quisquam
331 2195 429 2261 talem
445 2185 617 2260 interitum
633 2185 772 2282 effugit3
794 2194 899 2260 malus
913 2195 1002 2261 euim
1018 2203 1067 2261 est
1082 2217 1151 2262 cus·

139 2309 193 2366 tos
214 2291 443 2364 diuturnitatis
464 2305 573 2363 metus
597 2307 777 2384 contraque
799 2297 1022 2365 benivolentia
1043 2297 1151 2364 fidelis

140 2399 196 2468 vel
213 2401 255 2466 ad
270 2400 537 2488 perpetuitatem.
589 2399 653 2466 Sed
669 2401 720 2483 iis,
733 2399 791 2487 qui
810 2399 844 2464 vi
862 2421 1033 2487 oppressos
1050 2401 1151 2487 impe
1160 2413 1198 2468 24

140 2506 192 2570 rio
210 2512 370 2586 coercent,
386 2504 429 2569 sit
446 2525 524 2569 saue
545 2502 731 2568 adhibenda
749 2503 895 2585 saevitia,
912 2509 949 2566 ut
966 2503 1031 2567 eris
1052 2503 1086 2567 iu
1104 2502 1152 2568 fa·

101 2606 259 2689 romulos,
276 2607 303 2672 si
321 2605 417 2671 aliter
430 2601 539 2672 'teneri
557 2627 624 2672 nou
642 2612 800 2692 possunt3
823 2605 881 2690 qui
900 2625 979 2669 vero
995 2603 1031 2667 iu
1049 2603 1152 2669 libera

140 2710 279 2776 civitate
296 2709 343 2774 ita
362 2729 397 2774 se
414 2709 594 2790 instruunt,
609 2715 648 2772 ut
665 2713 866 2788 metuantur,
881 2705 922 2769 iis
941 2703 1026 2768 nihil
1043 2713 1153 2791 potest

141 2833 212 2878 esse
234 2811 429 2877 dementius.
483 2811 645 2888 Quamvis
671 2808 762 2874 enim
784 2809 850 2873 siut
872 2807 1038 2872 demersae
1063 2807 1153 2894 leges

140 2913 281 2980 alicuius
303 2913 430 3000 opibus,
449 2912 600 2999 quamvis
622 2909 794 2976 timefacta
816 2909 958 2992 libertas,
977 2919 1153 2996 emergunt

141 3015 258 3082 tamen
277 3015 357 3082 hacc
378 3015 555 3103 aliquando
577 3021 634 3080 aut
655 3013 786 3080 iudiciis
808 3013 915 3080 tacitis
936 3021 994 3078 aut
1016 3013 1153 3081 occultis

106 3121 186 3186 asdo
203 3119 328 3185 honore
345 3117 519 3206 suffragiis.
564 3117 720 3184 Acriores
737 3126 849 3184 autem
867 3138 993 3183 morsus
1011 3125 1089 3183 snut
1106 3119 1153 3184 in-

142 3223 312 3288 termissae
325 3217 495 3288 libertatis
512 3241 612 3306 qnam
631 3228 786 3286 retentae.
832 3213 929 3299 Quod
948 3220 1051 3307 igitur
1067 3221 1153 3288 latis-

143 3345 237 3390 sume
252 3320 351 3410 ‘patet
368 3345 476 3410 neque
497 3323 538 3388 ad
556 3322 818 3388 incolumitatem
841 3322 958 3406 solum,
973 3324 1031 3389 sed
1054 3325 1154 3390 etiam

141 3427 185 3493 ad
200 3449 279 3514 opes
297 3434 331 3492 et
346 3427 528 3514 potentiam
544 3425 633 3492 valet
648 3425 842 3512 plurimum,
854 3426 888 3491 id
906 3426 1153 3513 amplectamur,

143 3537 182 3594 nt
202 3537 311 3596 metus
332 3530 427 3612 absit,
443 3529 558 3594 caritas
580 3528 770 3594 retineatur.
816 3525 869 3593 Ita
887 3528 1055 3611 facillime,
1071 3551 1154 3617 quae

109 3630 304 3713 revolemus,
316 3639 350 3697 et
364 3631 501 3719 privatis
515 3631 550 3695 in
566 3631 664 3697 rebus
678 3638 712 3696 et
726 3631 761 3695 in
779 3651 816 3696 rc
830 3629 963 3717 publica
980 3652 1155 3718 conseque·

145 3756 229 3800 mur.
274 3732 408 3800 Etenim
422 3734 480 3822 qui
494 3755 529 3801 se
541 3734 646 3802 metui
658 3732 781 3817 volent,
791 3754 810 3798 a
821 3732 941 3820 quibus
953 3739 1152 3816 metuantur,
