2710 4374
235 320 278 388 70
475 360 478 372 .
625 316 677 370 nu
696 315 855 373 carneusw
897 361 901 372 .
940 365 942 372 .

234 468 381 552 humani,
395 468 539 556 attingat
555 465 780 556 cognitionem
794 475 920 550 rernm,
937 465 1081 552 solivaga
1097 467 1257 555 cognitio

234 581 270 639 ct
291 573 404 639 ieiuna
422 571 585 654 videatur,
601 571 748 657 itemque
770 569 1095 657 magnitudo'auim'i
1118 579 1257 638 remota

235 675 472 744 communitate
489 674 789 760 coniunctioneque
803 672 948 738 humana
962 671 1079 738 feritas
1091 672 1138 738 sit
1150 695 1257 760 quae

235 779 311 844 dam
333 786 368 845 et
387 777 585 844 immanitas.
629 774 683 842 Ita
704 773 753 860 fit,
770 784 807 842 ut
826 775 939 842 vincat
959 774 1161 862 cognitionis
1185 785 1255 843 stu·

169 897 227 952 158
237 885 330 951 dium
354 881 749 951 consociatio'hominum
775 891 874 970 atque
898 881 1131 948 communitas.
1175 881 1288 949 Nece

236 1008 355 1053 verum
374 994 434 1070 est,
450 985 539 1073 quod
555 985 680 1052 dicitur
696 1006 715 1049 a
733 983 940 1070 quibusdam,
956 991 1092 1073 propter
1110 987 1256 1051 necessi-

237 1091 341 1154 tatem
359 1088 457 1171 vitae,
470 1087 559 1174 quod
574 1109 622 1170 eu,
634 1107 719 1174 quae
735 1095 854 1154 natura
870 1087 1079 1172 desideraret,
1090 1088 1257 1174 consequi

237 1192 309 1257 sine
330 1190 404 1256 aliis
423 1198 524 1276 atquc
547 1190 677 1258 efficere
697 1211 766 1256 uon
788 1210 967 1277 possemus,
985 1190 1107 1256 idcirco
1129 1191 1256 1256 initam

235 1315 307 1361 esse
339 1315 416 1360 cum
447 1292 639 1360 hominibus
670 1293 942 1360 communitatem
973 1301 1007 1358 et
1038 1293 1255 1376 societatem3

238 1397 355 1486 quodsi
377 1397 489 1463 'omnia
506 1397 610 1481 nobis,
626 1417 711 1483 qnae
732 1396 773 1462 ad
794 1396 921 1462 rictum
940 1395 1134 1482 cultumque
1149 1398 1286 1483 perti-n

237 1505 329 1584 nent,
348 1500 442 1588 qnasi
464 1499 594 1586 virgula
620 1499 743 1582 divina3
762 1506 800 1564 ut
825 1499 929 1581 aiunt,
947 1499 1254 1586 suppeditarentur,

230 1609 311 1670 ¹tum
328 1603 457 1691 optimo
475 1603 615 1689 quisquo
632 1601 767 1689 ingenio
785 1602 929 1688 nogotiis
948 1601 1101 1668 omnibus
1119 1602 1255 1667 omissis

230 1709 347 1772 totum
364 1705 449 1771 sein
467 1705 656 1791 cognitione
672 1712 707 1770 et
722 1703 859 1770 scientia
876 1703 1058 1770 collocaret.
1101 1702 1185 1769 Non
1202 1714 1256 1770 est

162 1847 164 1860 ·
238 1809 304 1892 ita3
326 1829 403 1874 uam
419 1815 453 1874 et
470 1806 682 1874 solitudinem
698 1806 832 1894 fugeret
846 1814 880 1872 et
895 1807 1019 1874 socium
1035 1805 1138 1872 studii
1154 1827 1257 1893 quae

237 1917 335 1992 reret,
351 1918 423 1974 tum
444 1909 560 1977 docere
580 1917 652 1975 tum
674 1908 798 1975 discere
819 1908 928 1992 vellet,
945 1915 1019 1974 tum
1040 1907 1156 1974 audire
1173 1917 1287 1975 tunna

230 2012 357 2077 dicere.
400 2009 491 2098 Ergo
513 2033 612 2079 omne
634 2011 789 2095 officium,
804 2011 895 2098 quod
916 2011 958 2078 ad
980 2011 1255 2078 coniunctionem

238 2113 413 2180 hominnm
433 2124 468 2180 et
487 2114 528 2180 ad
548 2115 737 2182 societatem
756 2113 916 2181 tuendam
934 2112 1033 2196 valet,
1047 2121 1256 2202 anteponen-

232 2217 319 2284 'dum
341 2223 392 2283 est
409 2215 460 2281 illi
481 2217 598 2302 officio,
614 2217 911 2306 quodcoguitione
932 2225 968 2284 et
988 2216 1125 2284 acieutia
1146 2219 1256 2284 conti·

238 2329 346 2386 uctur.
1203 2324 1207 2330 '

172 2387 236 2532 14559?
282 2421 372 2489 Illud
391 2422 529 2490 forsitan
550 2423 774 2511 quaerendum
793 2422 847 2506 sit,
863 2401 945 2489 num
965 2421 1047 2492 haec
1066 2399 1285 2490 communi-ro

229 2531 298 2610 ¹tas,
313 2547 397 2614 qnae
418 2527 563 2594 maxime
584 2535 634 2592 est
656 2531 738 2614 apta‘
754 2530 900 2608 naturae,
914 2525 959 2591 sit
981 2520 1254 2610 etiamm'odera·

237 2629 322 2697 tioui
338 2629 582 2715 modestiaeque
595 2650 726 2716 semper
740 2629 981 2715 anteponenda.
1022 2627 1060 2695 N
1060 2628 1253 2716 onplacet3

228 2741 323 2821 sunt
335 2733 425 2800 enim
444 2731 607 2820 quaedam
625 2731 747 2819 partim
767 2731 815 2797 ita
831 2731 944 2814 foeda,
954 2731 1075 2818 partim
1094 2732 1143 2797 ita
1158 2730 1254 2818 flagi-

228 2838 331 2919 tiosa,
347 2843 385 2902 ut
404 2858 443 2902 ea
460 2857 503 2902 ne
525 2834 768 2902 conservandae
785 2833 919 2921 quidem
939 2835 1064 2921 patriae
1085 2855 1180 2900 causa
1203 2856 1253 2900 sa-

237 2939 333 3024 piens
355 2937 504 3004 faoturus
527 2938 580 3004 sit.
624 2936 674 3004 Ea
693 2937 894 3004 Posidonius
915 2937 1051 3024 collegit
1071 2937 1283 3024 permultas
1351 2929 1352 2938 ἦ

227 3040 295 3105 sed
317 3039 365 3104 ita
386 3046 490 3104 taetra
511 3040 682 3126 quaedam,
699 3040 748 3105 ita
772 3040 922 3122 obscena,
939 3047 979 3105 ut
1000 3040 1093 3106 dictu
1115 3062 1250 3128 quoqne

206 3154 209 3160 ’
239 3141 415 3206 videantur
435 3143 555 3228 turpia.
599 3142 693 3210 Haec
713 3142 818 3230 igitur
839 3163 906 3208 non
929 3142 1083 3230 suscipiet
1101 3144 1150 3208 rei
1166 3144 1250 3230 puls

238 3244 321 3310 liceo
338 3263 443 3326 causa,
455 3265 498 3310 ne
513 3265 567 3310 res
581 3245 713 3331 publica
727 3245 861 3332 quidem
876 3267 937 3332 pro
954 3267 991 3311 sc
1006 3245 1131 3332 suscipi
1146 3245 1247 3311 uolet.

226 3347 306 3414 «Sed
320 3345 384 3412 hoc
398 3347 603 3413 commodius
620 3369 655 3414 sc
669 3369 722 3414 res
735 3347 845 3432 habet,
857 3347 946 3435 quod
961 3369 1029 3413 uon
1043 3355 1154 3434 potest
1168 3350 1248 3415 acci-

226 3449 317 3516 ·dere
334 3457 474 3537 tempus,
487 3457 525 3515 nt
540 3450 671 3516 intersit
689 3451 736 3516 rei
751 3449 902 3537 publicae
916 3449 1278 3536 quicquamillorirmn

172 3565 230 3620 160
239 3551 348 3618 facere
368 3553 561 3640 sapientem.
607 3552 717 3631 Quare
734 3551 797 3619 hoc
814 3552 949 3639 quidem
967 3551 1125 3620 effectum
1140 3553 1198 3636 sit,
1212 3555 1249 3618 in
1351 3605 1352 3614 ,

226 3655 353 3724 officiis
374 3655 559 3743 deligendis
580 3655 618 3721 id
638 3658 743 3742 genus
765 3654 953 3722 officiorum
970 3654 1144 3739 excellere·
1157 3656 1247 3744 qnod
