2734 4362
206 346 249 410 20
594 338 646 392 nn
668 337 822 392 omens
923 341 927 346 ’

205 493 368 580 impetum
383 492 419 558 in
437 489 627 580 quempiam
645 488 729 556 facit
745 496 804 556 aut
820 489 870 556 ira
886 497 945 556 ant
961 489 1072 578 aliqua
1088 499 1214 578 pertur-

206 595 338 662 batione
355 595 520 677 incitatns,
536 594 564 659 is
578 593 671 680 quasi
689 614 806 658 manns
820 591 939 660 afferre
956 593 1091 660 videtur
1107 593 1214 675 seci03

206 698 264 784 qni
278 705 387 764 autern
403 718 471 763 non
486 694 638 762 defendit
653 715 714 762 uec
729 695 867 777 obsistit,
882 695 910 760 si
928 701 1048 784 potest,
1062 695 1213 777 iniuriae,

206 809 273 866 tam
291 800 391 866 estin
408 799 502 882 vitio,
517 817 618 885 quarn
636 796 664 862 si
681 805 834 884 parentes
855 805 914 863 ant
936 798 1057 864 amicos
1079 805 1138 864 sut
1159 819 1215 885 pa-

158 903 303 970 24triam
318 902 456 969 deserat.
500 900 617 998 Atqpe
634 897 711 964 illae
728 898 864 986 quidem
886 899 1037 984 iniuriae,
1052 921 1138 987 quae
1158 921 1215 966 nc
1236 924 1251 962 a
1343 903 1345 940 ⁴

206 1004 303 1070 cendi
317 1025 415 1070 causa
429 1003 471 1069 de
488 1001 651 1068 industria
668 1000 870 1086 inferuntur,
885 1023 983 1090 saepe
997 1024 1016 1068 a
1030 1011 1122 1068 metu
1141 1024 1215 1090 prc-

205 1106 407 1190 ficiscnntnr,
422 1126 499 1172 cnrn
514 1105 552 1188 is,
567 1103 626 1190 qui
640 1124 759 1171 nocere
773 1103 869 1170 alteri
883 1105 1017 1192 cogitat,
1033 1105 1139 1187 timet,
1160 1125 1213 1186 ne,

206 1208 272 1274 nisi
285 1207 320 1274 id
335 1207 462 1292 feeerit,
470 1207 541 1295 ipse
555 1206 666 1294 aliquo
680 1205 840 1274 afficiatur
850 1207 1071 1274 incommodo.
1111 1205 1215 1272 Maxi-

207 1331 296 1378 mam
321 1318 432 1377 antem
455 1318 583 1399 partem
609 1309 652 1375 ad
674 1310 829 1378 iniuriam
855 1309 1042 1376 faciendam
1068 1309 1215 1398 adgredi-

206 1421 319 1498 untur,
334 1421 373 1481 nt
387 1414 611 1503 adipiscantur
625 1434 673 1495 ea,
688 1434 774 1500 qnae
788 1412 1051 1501 concupiverunt
1063 1434 1073 1498 ;
1095 1414 1131 1478 in
1149 1431 1250 1500 quon

207 1517 290 1584 vitio
305 1517 462 1585 latissime
473 1525 566 1606 patet
580 1516 727 1582 avaritia.

250 1620 463 1710 Expetuntur
480 1629 591 1688 autem
609 1620 746 1686 divitiae
761 1641 837 1685 cum
855 1619 897 1684 ad
912 1640 991 1685 usus
1005 1619 1095 1684 vitae
1109 1640 1215 1686 neces

206 1725 318 1807 serios,
330 1732 403 1790 tum
414 1724 455 1790 ad
467 1722 683 1810 perfruendas
694 1722 890 1809 voluptates.
920 1720 962 1786 Iu
975 1722 1095 1808 quibus
1105 1731 1215 1788 autern

207 1827 313 1893 maior
327 1835 377 1893 est
391 1827 530 1909 animus,
545 1827 580 1891 in
599 1826 641 1891 iis
661 1827 821 1913 pecuniae
842 1824 1005 1912 cupiditas
1027 1834 1153 1912 spectat
1174 1827 1215 1892 ad

208 1948 288 2014 opes
313 1936 348 1993 et
370 1928 412 1994 ad
434 1926 641 2015 gratificandi
661 1928 865 2011 facultatem,
885 1935 925 1992 ut
943 1949 1049 2014 nuper
1063 1927 1111 1993 M.
1125 1928 1250 1994 Orssra

208 2050 264 2094 sus
288 2029 430 2116 negabat
454 2029 557 2095 ullam
581 2030 660 2096 satis
681 2051 838 2118 magnam
866 2029 1042 2117 pecuniam
1076 2051 1145 2095 esse
1172 2031 1213 2113 ei,

209 2131 321 2219 quiin
339 2153 376 2198 re
393 2131 525 2220 publica
541 2133 696 2220 princeps
718 2133 819 2200 vellet
841 2154 919 2216 esse,
935 2132 1029 2199 cuius
1052 2131 1214 2199 fructibus

209 2235 393 2301 exercitum
406 2235 493 2302 alere
507 2256 574 2302 non
589 2243 709 2322 posset.
739 2235 917 2302 Delectant
931 2237 1032 2303 etiam
1046 2235 1214 2324 magnifici

208 2347 385 2424 apparatus
400 2338 550 2424 vitaeque
566 2337 675 2404 cultus
689 2360 765 2405 cum
782 2337 946 2425 elegantia
963 2346 997 2404 et
1014 2339 1128 2426 copia3
1147 2339 1214 2425 qui·

209 2439 271 2505 bns
291 2441 388 2507 rebus
409 2439 566 2506 effectum
587 2449 647 2525 est,
664 2449 704 2506 ut
720 2439 853 2506 infinita
873 2441 1031 2527 pecuniae
1053 2441 1248 2530 cupiditsssn

209 2549 303 2610 esset.
346 2541 382 2610 N
383 2564 420 2610 ec
435 2564 513 2610 vero
528 2543 576 2610 rei
598 2543 771 2609 familiaris
788 2542 1002 2632 amplificatio
1019 2545 1146 2612 nemini
1161 2566 1214 2610 nc

209 2668 286 2714 cens
302 2645 520 2735 vituperanda
537 2654 597 2730 est,
613 2646 670 2712 sed
688 2646 849 2734 fugienda
866 2667 996 2734 semper
1017 2647 1139 2713 iniuria
1156 2656 1211 2714 est.

159 2759 199 2814 ne
209 2749 366 2817 Maxume
385 2757 497 2817 autem
520 2750 731 2816 adducuntur
752 2748 912 2836 plerique,
932 2756 972 2814 ut
995 2771 1050 2816 eos
1072 2749 1212 2816 iustitiae

209 2852 315 2937 capiat
336 2852 470 2935 oblivio,
487 2874 565 2918 cnm
587 2854 623 2918 in
645 2852 872 2940 imperiorum,
895 2851 1070 2932 honorum,
1092 2852 1213 2940 gloriae

208 2953 426 3040 cupiditatem
440 2954 639 3020 inciderunt.
663 2954 762 3033 Quod
777 2955 868 3020 enim
882 2962 932 3020 est
947 2955 1034 3042 apud
1050 2955 1245 3022 Enniumus

454 3115 457 3120 .
567 3070 655 3124 Nulla
667 3075 764 3126 saneta
775 3070 895 3127 secietas

492 3157 554 3212 Nee
565 3157 635 3212 fides
646 3158 727 3229 regni
738 3161 789 3228 est,

208 3258 246 3326 id
262 3257 360 3324 latius
381 3263 482 3344 patet.
526 3255 617 3323 Nam
634 3258 792 3346 quicquid
813 3259 885 3326 eius
905 3261 996 3326 modi
1015 3267 1074 3343 est,
1094 3261 1130 3326 in
1150 3281 1212 3348 quo

209 3381 276 3427 non
292 3360 419 3448 possint
431 3359 543 3448 plures
561 3359 731 3445 excellere,
747 3363 782 3426 in
797 3382 837 3429 eo
854 3361 895 3428 fit
911 3363 1108 3450 plerumque
1126 3371 1213 3428 tauta
1344 3435 1345 3448 χ

209 3463 388 3546 contentio,
405 3473 445 3530 ut
466 3463 700 3530 difficillimum
716 3465 760 3530 sit
775 3485 905 3531 servare
921 3468 1098 3531 “sanctam
1120 3466 1244 3532 socie-so
1344 3451 1345 3504 i

210 3565 344 3632 tatem.’'
377 3565 568 3634 Declaravit
582 3567 617 3633 id
632 3568 732 3634 modo
748 3569 915 3634 temeritas
930 3567 969 3635 O.
986 3568 1142 3652 Caesaris,
1158 3569 1213 3656 qui

209 3669 320 3737 omnia
340 3669 413 3736 iura
434 3670 547 3736 divine
568 3677 603 3736 et
622 3669 767 3738 humana
785 3672 948 3758 pervertit
971 3679 1108 3760 propter
1129 3693 1212 3754 enm,

166 1585 188 1652 8

159 1677 198 1729 aa
