2710 4374
220 425 283 490 160
576 463 582 470 .
610 422 662 474 nn
683 421 837 477 oramus

217 597 293 643 cnm
315 573 431 642 consul
452 575 574 643 iterum
596 575 631 640 in
646 573 767 642 Africa
787 595 829 642 ex
850 573 978 641 insidiis
1000 580 1114 663 captus
1137 584 1209 643 esset

217 677 301 745 duce
311 676 509 766 Xanthippo
521 677 789 760 Lacedaemonio,
802 677 999 764 imperatore
1010 686 1121 744 autem
1131 687 1211 766 patre

217 777 418 848 Hannibalis
440 779 639 862 Hamilcare,
655 778 781 844 iuratus
798 777 916 844 missus
933 778 1042 844 estad
1064 787 1212 865 senatum,

218 889 267 964 ut,
286 882 349 949 nisi
371 881 494 948 redditi
511 889 620 948 esseut
641 879 764 948 Poenis
785 881 908 968 captivi
929 879 1057 958 nobiles
1078 883 1213 970 qnidam,

218 984 342 1051 rediret
366 985 438 1073 ipse
460 983 705 1072 Carthaginem.
749 981 785 1049 Is
805 1005 884 1050 cnm
905 981 1049 1050 Romam
1071 986 1240 1069 venissett

218 1086 373 1153 utilitatis
387 1087 529 1176 speciem
545 1086 688 1170 videbat,
704 1085 860 1169 sedeam,
876 1093 915 1151 ut
932 1107 982 1152 res
997 1086 1150 1172 declarat,
1164 1088 1215 1153 ial-

217 1209 287 1255 sam
308 1189 488 1272 iudicavit3
510 1209 595 1277 quae
611 1195 682 1256 erat
699 1187 791 1254 talis:
815 1209 947 1255 manere
968 1189 1004 1254 in
1021 1190 1139 1276 patria,
1155 1212 1217 1256 esse

217 1289 332 1357 domui
346 1311 425 1358 snae
439 1311 516 1358 cum
532 1312 644 1374 uxore,
660 1311 737 1357 cnm
752 1285 873 1373 liberis,
889 1311 987 1377 qnam
1003 1291 1218 1358 calamitatem

218 1393 394 1482 accepisset
408 1393 443 1458 in
463 1393 561 1477 bello,
576 1413 788 1459 communem
805 1391 962 1460 fortunae
985 1393 1123 1460 bellicas
1143 1394 1218 1459 indi·

218 1503 348 1564 cantem
363 1503 477 1564 tenere
491 1495 670 1564 consularis
681 1495 854 1582 dignitatis
868 1495 1019 1581 gradum.
1053 1489 1138 1575 Quis
1148 1495 1245 1563 haecn

219 1607 320 1686 negat
334 1620 403 1666 esse
420 1598 538 1666 utilial
559 1619 659 1687 quem
678 1597 810 1665 censesl
854 1596 1054 1686 Magnitudo
1072 1600 1175 1665 animi
1190 1608 1219 1666 ct

159 1758 204 1828 27
220 1702 384 1770 fortitudo
399 1711 508 1791 negat.

153 1850 212 1905 100
263 1804 357 1872 Num
376 1803 607 1893 locupletiores
623 1804 754 1891 qnaeris
771 1804 942 1871 auctorest
985 1802 1119 1869 Harum
1137 1805 1219 1871 enim

215 1915 270 1974 est
289 1907 452 1973 virtutum
476 1907 648 1995 proprium
674 1906 759 1972 nihil
785 1908 1007 1988 extimescere,
1031 1907 1146 1973 omnia
1170 1906 1221 1971 lm·

219 2029 317 2074 mana
330 2009 507 2096 despicere,
522 2008 617 2092 nihil,
633 2009 723 2096 quod
741 2008 867 2075 homini
886 2003 1034 2075 accidere
1051 2010 1164 2096 possit,
1179 2010 1252 2074 iu-rs
1326 2093 1329 2102 .

220 2110 428 2176 tolerandum
450 2119 577 2200 putare.
621 2109 739 2198 Itaque
761 2111 843 2198 quid
865 2110 970 2177 ieciti
1011 2109 1054 2175 Iu
1076 2119 1221 2178 senatum

221 2213 323 2296 venit,
339 2213 493 2280 nrandata
507 2214 670 2302 exposuit,
687 2214 884 2280 sententiam
900 2235 942 2279 ne
957 2213 1092 2297 diceret,
1103 2235 1223 2280 recusa·

221 2316 280 2400 vit,
295 2337 394 2404 quam
410 2317 469 2382 din
483 2317 555 2383 inre
570 2316 708 2383 iurando
722 2315 867 2382 hostium
883 2325 1060 2400 teneretur,
1075 2337 1224 2384 uon-esse

221 2439 256 2485 se
276 2426 472 2484 senatorem.
517 2420 633 2506 Atque
655 2417 739 2484 illud
761 2419 861 2485 etiam
884 2418 948 2503 (“o
965 2418 1106 2484 stultum
1124 2418 1225 2486 homi-

220 2520 330 2604 nem,’'
360 2521 482 2588 dixerit
511 2521 687 2608 quispiam,
720 2523 784 2586 “et
812 2515 1052 2608 repugnantem
1088 2521 1258 2587 utilitatian

221 2645 297 2691 snae
307 2623 361 2712 1³³),
378 2623 472 2690 reddi
495 2623 644 2711 captivos
665 2622 801 2710 negavit
823 2643 893 2689 esse
912 2622 1015 2705 utile;
1040 2623 1116 2689 illos
1137 2624 1226 2690 enim

220 2726 444 2792 adulescentes
472 2746 542 2791 esse
567 2732 602 2791 et
628 2725 732 2791 bonos
755 2725 864 2808 duces,
889 2745 923 2790 se
947 2725 1012 2790 ianr
1036 2725 1226 2793 confectum

220 2837 398 2897 senectute.
443 2827 546 2895 Onins
564 2848 641 2893 cnm
659 2827 815 2894 valuisset
836 2825 1019 2911 auctoritas,
1035 2829 1160 2915 captivi
1182 2851 1228 2895 re

221 2932 306 2997 tenti
324 2938 410 3012 sunt,
426 2930 497 3018 ipse
513 2929 747 3017 Carthaginem
766 2929 875 3014 rediit,
891 2951 999 3017 neque
1015 2952 1093 2996 enm
1111 2931 1227 2997 caritas

221 3031 347 3118 patriae
360 3032 498 3097 retinuit
512 3053 574 3098 nec
588 3053 733 3097 snomm.
777 3030 898 3118 Neque
916 3053 995 3098 vero
1013 3041 1087 3096 tum
1101 3033 1261 3120 ignora-as

221 3132 278 3199 bat
293 3153 327 3197 se
341 3132 382 3198 ad
397 3131 662 3199 crudelissimum
679 3132 808 3199 hostem
824 3142 858 3199 et
872 3132 912 3199 ad
928 3133 1092 3220 exquisita
1106 3134 1229 3222 suppli-

221 3234 271 3299 cia
285 3233 456 3320 proficisci,
472 3235 527 3301 sed
540 3236 592 3301 ius
606 3235 783 3301 iurandum
801 3235 1061 3301 conservandum
1079 3238 1228 3323 putabat.

221 3333 340 3422 Itaque
359 3343 441 3420 tum,
457 3357 532 3403 cnm
552 3337 724 3425 vigilando
745 3337 933 3419 necabatur,
948 3345 1019 3403 erat
1033 3338 1069 3404 in
1092 3339 1230 3406 meliore

221 3459 328 3520 cansa,
339 3459 440 3524 qnam
456 3440 483 3505 si
498 3439 589 3505 domi
601 3461 701 3506 senex
712 3441 873 3528 captivus,
886 3441 1037 3527 periurus
1048 3441 1230 3508 consularis

155 3541 438 3610 101remansisset.
484 3541 534 3608 At
557 3541 667 3626 stulte,
684 3543 742 3629 qni
760 3564 826 3609 uon
849 3543 950 3609 modo
972 3563 1040 3609 non
1065 3544 1262 3611 censuerim

222 3643 368 3732 captivos
390 3643 616 3728 remittendos,
640 3665 756 3710 verum
782 3643 884 3710 etiam
909 3644 1108 3712 dissuaserit.
1153 3645 1230 3724 Quo

222 3746 321 3814 modo
336 3745 458 3812 stultat
473 3745 626 3829 etiamne,
641 3745 669 3810 si
690 3746 740 3812 rei
756 3745 908 3833 publicae
927 3747 1152 3816 conducebati
1172 3769 1231 3836 po
