2710 4374
163 1017 201 1071 88

166 2005 203 2060 89

211 405 275 470 114
602 401 653 452 nn
674 399 828 452 onurcns

209 555 357 643 optumis
372 552 453 619 viris
467 551 508 618 ad
524 551 644 619 Ianum
671 553 820 620 medium
840 551 1031 619 sedentibus
1054 573 1150 638 quam
1170 552 1205 618 ab

208 657 286 724 ullis
300 655 504 744 philosophis
516 655 584 722 ulla
599 655 634 722 iu
649 656 761 724 schola
772 657 968 744 disputatur.
1007 655 1095 721 Sunt
1109 663 1208 720 tamen

209 759 507 860 ea'oognosueuda3
530 759 700 846 pertinent
721 761 812 826 enim
829 759 872 825 ad
889 758 1081 840 utilitatem,
1097 758 1138 824 de
1153 779 1211 846 qna

211 863 275 930 hos
290 862 375 928 libro
393 861 597 948 disputatum
613 869 673 928 ost.

255 965 322 1032 Sed
339 963 524 1030 utilitatum
547 964 761 1052 comparatio,
777 965 933 1051 qnoniam
959 963 1014 1029 hio
1037 963 1129 1029 loeus
1151 970 1242 1029 aratu

210 1075 356 1154 quartus,
371 1089 391 1132 a
406 1065 565 1134 Panaetio
577 1068 836 1154 praetermissus,
851 1088 949 1154 saepe
964 1074 1015 1132 est
1030 1067 1215 1132 necessaria.

210 1169 300 1236 Nam
323 1177 358 1235 et
381 1169 527 1258 eorporis
556 1169 731 1236 commoda
748 1191 824 1236 oum
846 1169 991 1235 externis
1019 1170 1069 1252 [et
1087 1178 1218 1234 externa

210 1293 287 1339 eum
303 1270 462 1359 corporis]
479 1272 599 1359 etipsa
616 1271 705 1338 inter
722 1293 756 1338 es
774 1273 920 1359 eorporis
935 1280 970 1338 et
987 1281 1128 1336 externa
1145 1293 1217 1336 aum

211 1374 360 1442 externis
375 1373 558 1460 comparari
572 1372 689 1440 solent.
734 1373 822 1442 Ourn
834 1375 981 1441 externis
996 1375 1146 1461 corporis
1161 1375 1218 1439 hoa

212 1477 311 1546 modo
332 1485 574 1566 comparantur,
592 1475 700 1544 valera
722 1485 761 1544 ut
784 1477 878 1544 malis
900 1500 1000 1565 quam
1023 1477 1120 1544 dives
1142 1499 1247 1560 essen

212 1585 303 1672 [oum
316 1583 461 1672 eorporis
472 1591 609 1650 externa
620 1583 682 1651 hoo
694 1583 803 1667 modo,
815 1584 908 1650 dives
919 1605 988 1650 esse
999 1584 1111 1674 potins
1122 1605 1216 1670 quarn

211 1688 376 1754 maxumis
388 1687 533 1773 corporis
549 1687 699 1774 viribus]
717 1688 787 1776 ipsa
801 1687 890 1753 iuter
905 1709 939 1754 se
953 1687 1101 1775 corporis
1115 1688 1171 1769 sio,
1184 1695 1218 1752 ut

212 1791 299 1858 bona
321 1787 476 1856 valetudo
500 1786 664 1879 voluptati
686 1798 918 1876 anteponatur,
940 1791 1028 1856 vires
1049 1790 1216 1872 celeritati,

212 1903 424 1960 externorum
440 1901 562 1976 autem,
578 1903 616 1959 ut
629 1891 736 1980 gloria
750 1893 887 1976 divitiis,
904 1893 1080 1982 vectigalia
1096 1894 1217 1958 urbana

214 1996 352 2060 rusticis.
396 1993 447 2060 Ex
463 2017 530 2082 quo
547 2017 669 2085 genere
687 1996 942 2083 comparationis
959 1995 1043 2061 illud
1060 2004 1112 2062 est
1127 1995 1244 2062 (laton

213 2097 265 2162 nis
280 2097 384 2163 senis:
403 2119 504 2184 aquo
519 2119 594 2165 curn
612 2106 835 2186 quaereretur,
851 2098 933 2184 quid
956 2120 1111 2165 maxume
1133 2100 1166 2164 in
1185 2121 1216 2164 re

213 2198 369 2266 familiari
391 2200 572 2286 expediret,
595 2201 783 2288 respoudit:
809 2199 931 2267 “Beue
953 2201 1124 2288 pasoero;’'
1140 2201 1216 2287 quid

212 2300 410 2368 seeundum:
427 2306 446 2340 ‘⁴
454 2302 541 2369 Satis
552 2301 636 2370 bene
651 2325 783 2391 pascere
793 2303 823 2386 ;’'
838 2303 921 2390 quid
936 2304 1090 2369 tertium:
1108 2303 1217 2369 “Male

213 2403 384 2492 pascere;’'
407 2404 488 2491 quid
511 2413 685 2492 quartum:
710 2409 731 2444 “
741 2405 848 2472 Arare
858 2405 889 2487 ;”
917 2413 951 2472 et
975 2427 1051 2472 oum
1073 2406 1140 2488 ille,
1162 2406 1215 2492 qui

212 2507 404 2593 quaesierat,
431 2507 585 2574 dixisset:
619 2512 639 2546 “
650 2507 741 2586 Quid
773 2508 934 2574 faenorari
945 2507 988 2592 l'’‚
1015 2515 1087 2573 turn
1122 2508 1243 2574 Oatma'

213 2609 332 2690 “Quid
348 2609 549 2692 hominem‚”
565 2611 685 2696 inquit,
702 2611 915 2677 “occideret‘'
948 2610 1001 2676 Ex
1016 2632 1082 2698 qno
1097 2621 1132 2677 et
1143 2611 1215 2676 mul-

213 2713 258 2779 tis
279 2714 352 2780 aliis
369 2712 521 2800 intellegi
543 2712 643 2778 debet
664 2711 848 2778 utilitatum
870 2713 1130 2800 comparationes
1150 2712 1214 2778 fieri

213 2815 328 2901 solere,
342 2825 497 2904 reeteque
512 2816 574 2882 hoo
589 2815 784 2882 adiunctum
795 2837 865 2881 esse
879 2823 1034 2903 quartum
1052 2817 1214 2904 exquiren-

214 2918 333 2984 dorum
351 2919 534 2988 offioiorum
551 2939 666 3008 genus.
712 2917 856 3008 Reliqua
877 2917 1032 3007 deinceps
1053 2940 1214 3007 posseque·

215 3040 301 3084 mur.
1220 3037 1239 3079 a
