2710 4374
197 423 260 489 146
587 419 638 472 nn
661 419 814 474 eunucus

196 570 334 640 omuino
348 576 480 637 tantum
494 591 530 637 se
544 576 644 658 negat
655 547 1025 670 facturum-compendii
1037 565 1087 635 sui
1099 591 1202 652 cansa,

197 673 287 762 quod
304 693 372 740 non
389 673 496 740 liceat.
540 671 632 740 Huic
648 693 710 739 nee
726 671 797 738 laus
814 693 934 760 magua
951 670 1127 738 tribuenda
1143 693 1205 737 nec

197 878 305 946 maius
318 887 378 962 est,
393 897 576 966 perpaucae
590 898 641 943 res
656 885 744 961 sunt,
760 877 794 942 in
810 877 931 965 quibus
946 898 1012 942 uon
1029 876 1126 942 dolus
1142 899 1208 942 ma-

198 981 251 1048 lus
264 981 327 1047 iste
342 988 500 1063 versetur,
515 979 586 1046 sive
600 979 653 1044 vir
667 980 773 1045 bonus
787 987 837 1045 est
851 980 889 1062 is,
904 979 964 1066 qui
978 979 1123 1067 prodest,
1136 979 1209 1065 qui·
1227 1004 1240 1042 s

198 1086 260 1151 bus
282 1090 402 1170 potest,
425 1090 523 1150 nocet
545 1081 682 1166 nemini,
706 1090 796 1148 certe
820 1083 923 1148 istum
946 1083 1055 1147 virum
1078 1082 1208 1148 bonum

198 1209 266 1256 non
280 1189 379 1256 facile
394 1188 585 1276 reperimus.
629 1185 827 1275 Numquam
844 1187 949 1274 igitur
966 1195 1015 1252 est
1033 1187 1116 1253 utile
1135 1209 1211 1275 peo

198 1313 283 1374 care,
307 1291 384 1378 quia
406 1312 537 1379 semper
560 1298 611 1357 est
634 1297 742 1378 turpe,
760 1298 805 1374 et,
824 1292 903 1378 quia
924 1311 1054 1377 semper
1077 1297 1128 1356 est
1154 1290 1213 1356 ho

200 1402 332 1462 nestum
347 1394 457 1459 virum
474 1395 599 1460 bonum
614 1413 694 1476 esse,
711 1414 842 1480 semper
855 1401 905 1460 est
920 1393 1011 1459 utile.

153 1474 197 1544 ¹⁶
243 1497 297 1564 Ae
320 1497 362 1564 de
385 1496 457 1563 inre
480 1495 616 1583 quidem
636 1495 846 1582 praediorum
869 1505 1019 1561 sanetum
1041 1495 1131 1583 apud
1151 1517 1246 1563 nosrs

153 1566 250 1667 6⁸⁵est
264 1599 337 1666 iure
351 1598 452 1682 civili,
468 1608 506 1664 nt
520 1597 555 1663 in
571 1599 612 1664 iis
622 1597 806 1664 vendendis
821 1599 902 1664 vitia
913 1599 1109 1681 dicerentur,
1123 1619 1215 1685 quae

200 1710 280 1770 nota
293 1708 401 1769 essent
415 1700 591 1768 venditori.
635 1699 736 1784 Nam,
752 1723 826 1766 eum
843 1723 884 1766 ex
899 1700 1071 1767 duodecim
1087 1701 1215 1768 tabulis

201 1807 280 1873 satis
297 1812 382 1872 esset
399 1825 437 1872 es
459 1803 626 1891 praestari,
643 1823 727 1892 quse
749 1812 858 1870 essent
875 1803 991 1892 lingua
1007 1812 1215 1891 nuncupata,

200 1929 285 1994 quae
300 1907 358 1994 qui
373 1905 535 1974 infitiatus
552 1913 646 1990 esset,
662 1905 756 1994 dupli
774 1927 915 1993 poenam
937 1905 1071 1989 subiret,
1089 1927 1108 1971 a
1127 1905 1217 1972 iuris

200 2009 362 2078 consultis
383 2009 483 2076 etiam
501 2001 692 2075 reticentiae
710 2029 817 2096 poena
834 2017 885 2074 est
902 2009 1095 2091 constituts3
1117 2009 1251 2096 quio-rs

201 2111 282 2199 quid
297 2111 385 2178 enim
402 2119 486 2178 esset
501 2111 536 2177 iu
555 2111 689 2200 praedio
712 2111 796 2195 vitii,
815 2111 851 2176 id
872 2117 1067 2195 statuerunt,
1085 2111 1111 2177 si
1133 2121 1218 2178 ven·

201 2213 291 2280 ditor
301 2213 408 2299 sciret,
420 2214 484 2280 nisi
496 2215 694 2281 nominatim
705 2214 831 2280 dietum
843 2221 937 2297 esset,
949 2215 1101 2302 praestari
1113 2235 1218 2302 opor·-

154 2323 282 2385 detero.
326 2315 386 2399 Ut,
402 2338 478 2382 oum
494 2317 529 2381 in
545 2337 620 2382 aree
636 2315 812 2404 angurium
826 2337 967 2403 augures
982 2315 1085 2382 aetnri
1099 2326 1220 2383 essent

202 2419 441 2506 iussissentque
458 2418 510 2486 Ti.
527 2417 705 2486 Claudium
723 2418 968 2502 Centumalum,
984 2419 1042 2506 qui
1059 2417 1159 2486 aedes
1178 2421 1217 2485 in

203 2521 316 2590 anlio
340 2529 453 2590 monte
479 2521 630 2606 habebat,
655 2521 808 2588 demoliri
832 2511 882 2604 es,
907 2543 1048 2608 qnorum
1066 2521 1253 2589 altitudo„

203 2625 347 2693 officeret
370 2624 532 2712 auspiciis,
556 2622 716 2690 Claudius
737 2623 928 2711 proscripsit
949 2624 1089 2690 insulam
1114 2625 1219 2708 [ven-

203 2728 315 2815 didit]‚
333 2727 415 2794 emit
437 2726 476 2794 P.
493 2725 693 2814 Calpurnius
714 2725 882 2793 Lanarius.
930 2726 1021 2793 Huic
1046 2727 1086 2793 sb
1106 2747 1218 2814 angu-

202 2831 294 2898 ribns
321 2829 404 2900 iilud
433 2829 522 2896 idem
551 2829 784 2900 denuntiatum
812 2835 871 2894 est.
925 2828 1043 2917 Itaque
1071 2820 1217 2918 Osipur-

202 2932 279 2999 nius
292 2955 367 2999 cum
382 2931 559 3000 demolitus
570 2939 656 2998 esset
670 2938 906 3019 cognossetque
919 2929 1095 2998 Claudium
1109 2934 1217 2999 sedes

202 3043 316 3122 postea
330 3035 565 3123 proscripsisse,
582 3025 680 3123 quarn
700 3042 784 3101 esset
802 3035 844 3100 ab
861 3035 1039 3122 auguribus
1056 3035 1252 3102 demoliris

203 3139 319 3221 iussus,
334 3137 493 3203 arbitrum
509 3137 605 3203 illum
623 3137 744 3226 adegit,
766 3159 926 3213 omnoum
949 3160 1013 3204 s1s1
1036 3159 1124 3204 naun
1154 3160 1216 3205 ns·

203 3261 292 3307 cusu
313 3261 504 3306 orouunanu
526 3261 573 3306 nx
593 3261 672 3306 mun
693 3260 792 3307 noun.
836 3239 885 3306 M.
905 3240 989 3307 Oato
1011 3241 1215 3308 sententiam

204 3341 300 3425 dixit,
315 3341 413 3408 huius
428 3343 532 3409 nostri
548 3342 685 3410 Catonis
699 3351 793 3431 pater
807 3342 858 3428 (ut
873 3344 963 3408 enim
981 3344 1081 3410 ceteri
1098 3366 1139 3410 ex
1155 3368 1216 3434 pa·

204 3445 320 3526 tribus,
335 3445 382 3511 sie
404 3443 467 3528 hic,
483 3445 541 3532 qui
564 3445 649 3512 illud
669 3445 784 3513 lumen
806 3446 993 3534 progenuit,
1010 3469 1051 3512 ex
1071 3446 1141 3512 filio
1160 3456 1216 3514 est

202 3547 507 3634 nominandust-is
524 3547 630 3636 igitur
646 3548 747 3614 iudex
768 3548 816 3613 ita
836 3539 1082 3636 pronuntiavit:
1099 3552 1118 3586 “
1129 3569 1253 3615 oumso

203 3649 239 3715 in
266 3649 443 3717 vendundo
469 3673 539 3718 rem
565 3673 638 3717 eam
663 3652 774 3727 scisset
799 3660 834 3716 et
862 3672 930 3717 nou
955 3651 1213 3739 pronuntiasset,

155 3763 194 3825 67
204 3753 346 3843 emptori
363 3753 522 3822 damnum
539 3753 697 3841 praestari
714 3753 897 3842 oportere.''
941 3751 1030 3843 Ergo
1047 3739 1089 3821 ad
1106 3753 1214 3822 fidem
