2734 4362
250 390 293 453 24
434 435 438 448 ,
641 385 692 437 uu
715 385 868 439 osricus

250 537 367 622 vanda,
394 559 414 604 a
439 537 560 626 quibus
585 536 740 602 iniuriam
765 536 938 625 acceperis.
982 534 1043 602 Est
1068 535 1160 602 euim
1183 535 1267 602 ulci-

249 639 362 707 scendi
375 647 410 707 et
424 639 587 728 puniendi
602 639 739 723 modua3
753 653 853 726 atqua
867 637 958 706 haud
972 639 1040 706 scio
1058 660 1100 704 au
1119 638 1201 706 satis
1216 639 1266 704 sit

248 766 336 828 eum,
354 745 413 833 qni
431 744 617 827 lacessierit,
633 743 774 809 iniuriae
790 763 868 808 suae
884 742 1063 831 paenitere,
1078 749 1118 807 ut
1134 748 1171 808 et
1188 741 1264 829 ipse

248 867 291 914 ue
314 849 396 936 quid
418 847 483 916 tale
509 845 647 936 posthac
672 853 706 914 et
731 845 833 914 ceteri
859 845 928 911 siut
948 845 991 912 ad
1014 843 1173 910 iniuriam
1196 853 1262 910 tar-

200 961 239 1017 et
248 950 365 1017 diores.
402 951 519 1038 Atque
533 949 568 1016 in
584 971 620 1016 re
635 947 767 1038 publica
780 947 926 1014 maxime
939 947 1166 1014 conservande
1179 955 1262 1013 suut
1281 974 1295 1013 ι

247 1053 320 1118 iura
334 1052 423 1120 belli.
459 1052 550 1119 Nam
563 1073 641 1120 cum
651 1051 719 1118 siut
729 1051 796 1118 duo
806 1069 928 1138 genera
938 1049 1139 1133 decertandi,
1149 1071 1261 1115 uuum

247 1177 308 1242 per
332 1154 615 1244 disceptationem,
641 1154 780 1222 alterum
807 1153 973 1242 pervim,
999 1173 1144 1240 cumque
1172 1151 1261 1217 illud

247 1257 419 1346 proprium
433 1259 477 1324 sit
491 1257 645 1341 hominis,
657 1255 721 1324 hoc
735 1255 918 1340 beluarum,
929 1255 1197 1342 confugiendum
1207 1263 1261 1320 est

200 1373 238 1426 35
248 1359 289 1426 ad
307 1361 478 1448 posterius,
493 1361 521 1427 si
538 1361 590 1428 uti
611 1381 679 1428 nou
701 1359 780 1426 licet
801 1359 980 1448 superiore.
1024 1358 1137 1437 Quare
1158 1358 1260 1422 susci-

246 1462 367 1550 pienda
384 1463 519 1552 quidem
537 1462 623 1530 bella
643 1469 722 1530 sunt
739 1463 782 1529 ob
804 1484 878 1528 earn
899 1481 1039 1546 causam,
1054 1469 1094 1526 ut
1114 1461 1188 1526 siue
1208 1461 1290 1524 iun
1347 1475 1348 1546 j

246 1568 331 1633 iuria
344 1567 379 1633 in
395 1590 475 1656 pace
490 1567 632 1650 vivatur,
649 1573 743 1654 parta
757 1573 869 1632 autem
885 1565 1024 1632 victoria
1037 1563 1258 1631 conservandi

246 1671 281 1754 ii,
300 1673 359 1758 qui
377 1693 444 1738 uon
463 1671 612 1738 crudeles
630 1671 665 1736 iu
683 1669 781 1753 bello,
799 1689 865 1735 uon
886 1669 1035 1735 inmanes
1052 1667 1201 1750 fuerunt,
1215 1677 1258 1732 ut
1347 1649 1348 1716 l

245 1775 386 1839 maiores
408 1774 511 1839 nostri
534 1772 745 1855 Tusculanos,
763 1772 911 1860 Aequos,
930 1771 1080 1854 Volscos,
1104 1771 1255 1854 Sabinos,

247 1873 411 1940 Hernicos
435 1875 472 1939 iu
497 1875 666 1941 civitatem
692 1875 792 1942 etiam
821 1882 1027 1962 acceperuut,
1054 1882 1089 1939 at
1113 1871 1257 1939 Kartha·

246 1977 360 2063 giuem
385 1985 419 2042 ct
447 1975 666 2043 Numantiam
693 1978 847 2044 funditus
875 1977 1098 2060 sustulerunt3
1129 1976 1288 2042 nollemra

247 2077 457 2162 Corinthum,
479 2080 536 2146 sed
565 2081 662 2147 credo
687 2079 813 2168 aliquid
838 2088 974 2164 secutos,
993 2079 1255 2168 oportunitatem

246 2180 311 2246 loci
326 2203 490 2266 maxume,
503 2205 545 2250 ne
556 2191 666 2270 posset
680 2182 857 2270 aliquando
869 2183 910 2248 ad
922 2181 1047 2249 bellum
1061 2181 1253 2248 faciendum

244 2283 336 2350 locus
350 2285 420 2370 ipse
435 2285 609 2352 adhortari.
654 2285 732 2351 Mea
746 2285 880 2372 quidem
896 2285 1060 2351 sententie
1073 2285 1156 2372 paci,
1167 2305 1253 2371 quaa

245 2385 331 2450 nihil
348 2385 501 2452 habitura
515 2389 559 2452 sit
574 2387 777 2470 insidiarum,
794 2409 924 2474 seraper
938 2395 988 2454 est
1002 2387 1251 2454 consulendum.

245 2487 286 2553 Iu
303 2510 369 2576 quo
383 2490 411 2556 si
426 2490 510 2554 mihi
521 2481 605 2556 esset
617 2498 891 2578 optemperatum,
903 2491 931 2556 si
946 2512 1011 2556 uon
1025 2499 1205 2577 optumam,
1215 2497 1284 2556 ata
1345 2545 1348 2598 p

244 2591 386 2679 aliquam
400 2614 469 2659 rem
482 2593 657 2681 publicam,
670 2615 754 2680 quae
769 2615 858 2660 nuuc
873 2593 964 2658 nulla
976 2601 1035 2676 est,
1047 2591 1249 2660 haberemus.

243 2693 379 2762 Etcum
394 2696 444 2781 iis,
461 2717 544 2784 quos
559 2697 592 2761 vi
607 2696 776 2778 deviceris,
793 2696 1030 2762 consulendum
1048 2704 1108 2778 est,
1125 2704 1198 2760 tum
1214 2697 1249 2778 ii,
1346 2683 1348 2736 l

243 2799 300 2885 qui
322 2800 423 2866 armis
444 2800 560 2886 positis
586 2799 628 2864 ad
654 2799 891 2886 imperatorum
917 2797 1019 2864 fidem
1045 2797 1249 2886 confugient,
1346 2873 1348 2904 ⁴

242 2903 394 2985 quamvis
412 2924 544 2968 murum
563 2902 646 2967 aries
663 2902 869 2990 percusserit,
886 2901 1077 2989 recipiendi.
1122 2901 1164 2967 Iu
1184 2923 1249 2988 quo
1347 2953 1348 2982 ,

243 3009 415 3088 tantopere
430 3003 518 3088 apud
536 3010 666 3070 nostros
684 3003 811 3070 iustitia
825 3003 914 3070 culta
929 3011 988 3088 est,
1000 3012 1039 3069 ut
1053 3004 1088 3087 ii,
1101 3004 1160 3090 qui
1174 3004 1279 3070 civi-sa

242 3111 326 3168 tates
347 3111 404 3169 aut
422 3105 573 3170 nationes
594 3105 738 3174 devictas
757 3106 845 3173 bello
863 3101 899 3171 iu
921 3105 1024 3173 fidem
1041 3107 1246 3193 recepissent,
1347 3111 1348 3192 ᾖ

194 3223 233 3276 36
243 3226 356 3271 aarum
368 3206 499 3292 patroni
511 3214 619 3272 esseut
632 3229 725 3275 more
739 3210 912 3275 maiorum.
952 3209 1006 3275 Ac
1020 3208 1100 3276 belli
1112 3208 1247 3295 quidem

241 3308 388 3393 aequitas
414 3309 615 3376 sanctissime
640 3309 747 3378 fetiali
773 3311 890 3400 populi
912 3310 1056 3377 Romani
1081 3311 1154 3378 iure
1180 3331 1247 3398 per·
1347 3345 1348 3392 3

240 3409 361 3494 scripta
376 3415 435 3474 est.
472 3408 524 3476 Ex
538 3432 604 3498 quc
619 3412 769 3502 intellegi
781 3420 890 3501 potest
902 3413 1032 3478 nullum
1044 3411 1169 3480 bellum
1180 3433 1247 3480 esse
1346 3409 1348 3470 l

240 3511 375 3594 iustum,
387 3511 452 3577 nisi
467 3514 556 3599 quod
568 3522 625 3580 aut
639 3516 737 3582 rebus
751 3507 903 3602 repetitis
913 3525 1047 3602 geratur
1057 3523 1115 3585 aut
1125 3515 1277 3584 denua-ao
1347 3537 1348 3542 ’

240 3613 361 3678 tiatum
377 3621 453 3680 aute
469 3616 560 3712 citet
571 3617 744 3684 indictum.
785 3618 951 3704 [Popilius
967 3619 1152 3705 imperator·
1161 3625 1246 3683 tene

240 3717 296 3783 bat
307 3717 522 3806 provinciam,
532 3719 567 3784 in
578 3720 672 3787 cuius
683 3721 831 3787 exercitu
840 3712 977 3798 Catonis
988 3720 1080 3788 iilius
1088 3721 1154 3789 tiro
1164 3721 1245 3787 mili·
