<?xml version="1.0" encoding="UTF-8"?>
<!DOCTYPE html PUBLIC "-//W3C//DTD XHTML 1.0 Transitional//EN"
    "http://www.w3.org/TR/xhtml1/DTD/xhtml1-transitional.dtd">
<html xmlns="http://www.w3.org/1999/xhtml" xml:lang="en" lang="en">
 <head>
  <title>
</title>
<meta http-equiv="Content-Type" content="text/html;charset=utf-8" />
  <meta name='ocr-system' content='tesseract 3.04.00' />
  <meta name='ocr-capabilities' content='ocr_page ocr_carea ocr_par ocr_line ocrx_word'/>
</head>
<body>
  <div class='ocr_page' id='page_1' title='image "./mtulliiciceroni00sticgoog_0181.png"; bbox 0 0 2710 4374; ppageno 0'>
   <div class='ocr_carea' id='block_1_1' title="bbox 416 319 1176 388">
    <p class='ocr_par' dir='ltr' id='par_1_1' title="bbox 416 319 1176 388">
     <span class='ocr_line' id='line_1_1' title="bbox 416 319 1176 388; baseline 0.022 -17"><span class='ocrx_word' id='word_1_1' title='bbox 416 321 487 378; x_wconf 73' lang='lat' dir='ltr'><strong>nna</strong></span> <span class='ocrx_word' id='word_1_2' title='bbox 505 321 570 376; x_wconf 76' lang='grc' dir='ltr'><strong>ΠΙ.-</strong></span> <span class='ocrx_word' id='word_1_3' title='bbox 589 321 672 374; x_wconf 80' lang='lat' dir='ltr'><strong>car.</strong></span> <span class='ocrx_word' id='word_1_4' title='bbox 692 323 788 378; x_wconf 66' lang='lat' dir='ltr'><strong>meo·</strong></span> <span class='ocrx_word' id='word_1_5' title='bbox 819 319 941 383; x_wconf 58' lang='lat' dir='ltr'><strong>§rara</strong></span> <span class='ocrx_word' id='word_1_6' title='bbox 1113 320 1176 388; x_wconf 80' lang='lat'><strong>151</strong></span> 
     </span>
    </p>
   </div>
   <div class='ocr_carea' id='block_1_2' title="bbox 128 471 1184 1688">
    <p class='ocr_par' dir='ltr' id='par_1_2' title="bbox 128 471 1184 1688">
     <span class='ocr_line' id='line_1_2' title="bbox 159 471 1177 562; baseline -0.004 -22"><span class='ocrx_word' id='word_1_7' title='bbox 159 492 267 562; x_wconf 86' lang='lat' dir='ltr'><strong>quam</strong></span> <span class='ocrx_word' id='word_1_8' title='bbox 295 471 529 557; x_wconf 88' lang='lat' dir='ltr'><strong>iudicaturum,</strong></span> <span class='ocrx_word' id='word_1_9' title='bbox 556 479 678 540; x_wconf 88' lang='lat' dir='ltr'><strong>noant</strong></span> <span class='ocrx_word' id='word_1_10' title='bbox 700 471 856 560; x_wconf 83' lang='lat' dir='ltr'><strong>spoliaret</strong></span> <span class='ocrx_word' id='word_1_11' title='bbox 885 471 975 538; x_wconf 83' lang='lat' dir='ltr'><strong>lama</strong></span> <span class='ocrx_word' id='word_1_12' title='bbox 1000 471 1177 560; x_wconf 89' lang='lat' dir='ltr'><strong>probatum</strong></span> 
     </span>
     <span class='ocr_line' id='line_1_3' title="bbox 159 574 1179 660; baseline -0.002 -18"><span class='ocrx_word' id='word_1_13' title='bbox 159 576 348 660; x_wconf 85' lang='lat' dir='ltr'><strong>hominem,</strong></span> <span class='ocrx_word' id='word_1_14' title='bbox 365 577 394 642; x_wconf 91' lang='lat' dir='ltr'><strong>si</strong></span> <span class='ocrx_word' id='word_1_15' title='bbox 408 583 522 642; x_wconf 90' lang='lat' dir='ltr'><strong>contra</strong></span> <span class='ocrx_word' id='word_1_16' title='bbox 535 575 757 658; x_wconf 84' lang='lat' dir='ltr'><strong>iudicavisset,</strong></span> <span class='ocrx_word' id='word_1_17' title='bbox 770 582 827 641; x_wconf 91' lang='lat' dir='ltr'><strong>ant</strong></span> <span class='ocrx_word' id='word_1_18' title='bbox 841 574 994 642; x_wconf 79' lang='lat' dir='ltr'><strong>statuisse</strong></span> <span class='ocrx_word' id='word_1_19' title='bbox 1007 574 1179 642; x_wconf 88' lang='lat' dir='ltr'><strong>videretur</strong></span> 
     </span>
     <span class='ocr_line' id='line_1_4' title="bbox 161 677 1178 766; baseline -0.004 -20"><span class='ocrx_word' id='word_1_20' title='bbox 161 679 278 746; x_wconf 85' lang='lat' dir='ltr'><strong>virum</strong></span> <span class='ocrx_word' id='word_1_21' title='bbox 295 680 423 747; x_wconf 89' lang='lat' dir='ltr'><strong>bonum</strong></span> <span class='ocrx_word' id='word_1_22' title='bbox 440 700 510 745; x_wconf 90' lang='lat' dir='ltr'><strong>esse</strong></span> <span class='ocrx_word' id='word_1_23' title='bbox 527 679 682 766; x_wconf 82' lang='lat' dir='ltr'><strong>aliquem,</strong></span> <span class='ocrx_word' id='word_1_24' title='bbox 700 699 777 744; x_wconf 90' lang='lat' dir='ltr'><strong>cum</strong></span> <span class='ocrx_word' id='word_1_25' title='bbox 800 699 838 744; x_wconf 91' lang='lat' dir='ltr'><strong>ea</strong></span> <span class='ocrx_word' id='word_1_26' title='bbox 859 699 911 743; x_wconf 88' lang='lat' dir='ltr'><strong>res</strong></span> <span class='ocrx_word' id='word_1_27' title='bbox 932 677 1178 745; x_wconf 87' lang='lat' dir='ltr'><strong>innumerabili·</strong></span> 
     </span>
     <span class='ocr_line' id='line_1_5' title="bbox 162 779 1177 867; baseline -0.001 -19"><span class='ocrx_word' id='word_1_28' title='bbox 162 783 230 848; x_wconf 91' lang='lat' dir='ltr'><strong>bus</strong></span> <span class='ocrx_word' id='word_1_29' title='bbox 246 781 363 848; x_wconf 89' lang='lat' dir='ltr'><strong>officiis</strong></span> <span class='ocrx_word' id='word_1_30' title='bbox 377 789 412 848; x_wconf 91' lang='lat' dir='ltr'><strong>et</strong></span> <span class='ocrx_word' id='word_1_31' title='bbox 426 780 578 847; x_wconf 84' lang='lat' dir='ltr'><strong>laudibus</strong></span> <span class='ocrx_word' id='word_1_32' title='bbox 595 781 830 849; x_wconf 78' lang='lat' dir='ltr'><strong>contineretur.</strong></span> <span class='ocrx_word' id='word_1_33' title='bbox 875 779 966 847; x_wconf 92' lang='lat' dir='ltr'><strong>Huic</strong></span> <span class='ocrx_word' id='word_1_34' title='bbox 983 781 1087 867; x_wconf 87' lang='lat' dir='ltr'><strong>igitur</strong></span> <span class='ocrx_word' id='word_1_35' title='bbox 1103 781 1177 848; x_wconf 87' lang='lat' dir='ltr'><strong>viro</strong></span> 
     </span>
     <span class='ocr_line' id='line_1_6' title="bbox 138 869 1176 972; baseline -0.001 -23"><span class='ocrx_word' id='word_1_36' title='bbox 138 869 266 968; x_wconf 80' lang='lat' dir='ltr'><strong>abono,</strong></span> <span class='ocrx_word' id='word_1_37' title='bbox 282 906 384 972; x_wconf 90' lang='lat' dir='ltr'><strong>quem</strong></span> <span class='ocrx_word' id='word_1_38' title='bbox 393 883 542 950; x_wconf 84' lang='lat' dir='ltr'><strong>Fimbria</strong></span> <span class='ocrx_word' id='word_1_39' title='bbox 553 885 664 967; x_wconf 88' lang='lat' dir='ltr'><strong>etiam,</strong></span> <span class='ocrx_word' id='word_1_40' title='bbox 675 904 743 950; x_wconf 92' lang='lat' dir='ltr'><strong>non</strong></span> <span class='ocrx_word' id='word_1_41' title='bbox 756 882 856 950; x_wconf 90' lang='lat' dir='ltr'><strong>modo</strong></span> <span class='ocrx_word' id='word_1_42' title='bbox 868 881 1017 952; x_wconf 82' lang='lat' dir='ltr'><strong>Socrates</strong></span> <span class='ocrx_word' id='word_1_43' title='bbox 1028 890 1176 966; x_wconf 87' lang='lat' dir='ltr'><strong>noverat,</strong></span> 
     </span>
     <span class='ocr_line' id='line_1_7' title="bbox 164 985 1184 1078; baseline 0 -26"><span class='ocrx_word' id='word_1_44' title='bbox 164 987 262 1054; x_wconf 88' lang='lat' dir='ltr'><strong>nullo</strong></span> <span class='ocrx_word' id='word_1_45' title='bbox 276 987 377 1058; x_wconf 92' lang='lat' dir='ltr'><strong>modo</strong></span> <span class='ocrx_word' id='word_1_46' title='bbox 387 987 492 1052; x_wconf 87' lang='lat' dir='ltr'><strong>videri</strong></span> <span class='ocrx_word' id='word_1_47' title='bbox 504 993 613 1074; x_wconf 86' lang='lat' dir='ltr'><strong>potest</strong></span> <span class='ocrx_word' id='word_1_48' title='bbox 625 985 805 1073; x_wconf 89' lang='lat' dir='ltr'><strong>quicquam</strong></span> <span class='ocrx_word' id='word_1_49' title='bbox 817 1006 887 1052; x_wconf 83' lang='lat' dir='ltr'><strong>esse</strong></span> <span class='ocrx_word' id='word_1_50' title='bbox 903 985 994 1070; x_wconf 90' lang='lat' dir='ltr'><strong>utile,</strong></span> <span class='ocrx_word' id='word_1_51' title='bbox 1004 985 1094 1073; x_wconf 90' lang='lat' dir='ltr'><strong>quod</strong></span> <span class='ocrx_word' id='word_1_52' title='bbox 1109 1007 1184 1078; x_wconf 81' lang='lat' dir='ltr'><strong>non¹</strong></span> 
     </span>
     <span class='ocr_line' id='line_1_8' title="bbox 164 1087 1177 1176; baseline 0 -22"><span class='ocrx_word' id='word_1_53' title='bbox 164 1088 346 1156; x_wconf 90' lang='lat' dir='ltr'><strong>honestum</strong></span> <span class='ocrx_word' id='word_1_54' title='bbox 364 1089 416 1156; x_wconf 89' lang='lat' dir='ltr'><strong>sit.</strong></span> <span class='ocrx_word' id='word_1_55' title='bbox 460 1087 579 1176; x_wconf 87' lang='lat' dir='ltr'><strong>Itaque</strong></span> <span class='ocrx_word' id='word_1_56' title='bbox 600 1089 676 1154; x_wconf 86' lang='lat' dir='ltr'><strong>talis</strong></span> <span class='ocrx_word' id='word_1_57' title='bbox 694 1089 747 1154; x_wconf 87' lang='lat' dir='ltr'><strong>vir</strong></span> <span class='ocrx_word' id='word_1_58' title='bbox 768 1109 837 1156; x_wconf 87' lang='lat' dir='ltr'><strong>nou</strong></span> <span class='ocrx_word' id='word_1_59' title='bbox 859 1088 959 1156; x_wconf 91' lang='lat' dir='ltr'><strong>modo</strong></span> <span class='ocrx_word' id='word_1_60' title='bbox 981 1087 1101 1172; x_wconf 83' lang='lat' dir='ltr'><strong>lacere,</strong></span> <span class='ocrx_word' id='word_1_61' title='bbox 1119 1088 1177 1155; x_wconf 88' lang='lat' dir='ltr'><strong>sed</strong></span> 
     </span>
     <span class='ocr_line' id='line_1_9' title="bbox 164 1190 1178 1280; baseline 0 -24"><span class='ocrx_word' id='word_1_62' title='bbox 164 1213 211 1258; x_wconf 88' lang='lat' dir='ltr'><strong>ne</strong></span> <span class='ocrx_word' id='word_1_63' title='bbox 222 1193 367 1279; x_wconf 86' lang='lat' dir='ltr'><strong>cogitare</strong></span> <span class='ocrx_word' id='word_1_64' title='bbox 378 1191 514 1280; x_wconf 90' lang='lat' dir='ltr'><strong>quidem</strong></span> <span class='ocrx_word' id='word_1_65' title='bbox 526 1191 706 1278; x_wconf 74' lang='lat' dir='ltr'><strong>&#39;quicquam</strong></span> <span class='ocrx_word' id='word_1_66' title='bbox 722 1190 868 1275; x_wconf 87' lang='lat' dir='ltr'><strong>audebit,</strong></span> <span class='ocrx_word' id='word_1_67' title='bbox 880 1191 969 1278; x_wconf 90' lang='lat' dir='ltr'><strong>quod</strong></span> <span class='ocrx_word' id='word_1_68' title='bbox 981 1213 1047 1258; x_wconf 91' lang='lat' dir='ltr'><strong>non</strong></span> <span class='ocrx_word' id='word_1_69' title='bbox 1059 1191 1178 1260; x_wconf 83' lang='lat' dir='ltr'><strong>audeat</strong></span> 
     </span>
     <span class='ocr_line' id='line_1_10' title="bbox 165 1292 1177 1382; baseline -0.002 -22"><span class='ocrx_word' id='word_1_70' title='bbox 165 1295 366 1382; x_wconf 86' lang='lat' dir='ltr'><strong>praedicare.</strong></span> <span class='ocrx_word' id='word_1_71' title='bbox 411 1293 502 1360; x_wconf 88' lang='lat' dir='ltr'><strong>Haec</strong></span> <span class='ocrx_word' id='word_1_72' title='bbox 520 1315 587 1359; x_wconf 91' lang='lat' dir='ltr'><strong>non</strong></span> <span class='ocrx_word' id='word_1_73' title='bbox 606 1301 704 1382; x_wconf 85' lang='lat' dir='ltr'><strong>turpe</strong></span> <span class='ocrx_word' id='word_1_74' title='bbox 721 1301 771 1361; x_wconf 86' lang='lat' dir='ltr'><strong>cst</strong></span> <span class='ocrx_word' id='word_1_75' title='bbox 786 1293 937 1360; x_wconf 89' lang='lat' dir='ltr'><strong>dubitare</strong></span> <span class='ocrx_word' id='word_1_76' title='bbox 952 1292 1177 1380; x_wconf 86' lang='lat' dir='ltr'><strong>philosophos,</strong></span> 
     </span>
     <span class='ocr_line' id='line_1_11' title="bbox 128 1395 1178 1484; baseline -0.002 -22"><span class='ocrx_word' id='word_1_77' title='bbox 128 1417 253 1484; x_wconf 81' lang='lat' dir='ltr'><strong>mquae</strong></span> <span class='ocrx_word' id='word_1_78' title='bbox 267 1418 311 1463; x_wconf 90' lang='lat' dir='ltr'><strong>ne</strong></span> <span class='ocrx_word' id='word_1_79' title='bbox 328 1397 443 1462; x_wconf 90' lang='lat' dir='ltr'><strong>rustici</strong></span> <span class='ocrx_word' id='word_1_80' title='bbox 460 1395 597 1484; x_wconf 91' lang='lat' dir='ltr'><strong>quidem</strong></span> <span class='ocrx_word' id='word_1_81' title='bbox 615 1396 794 1464; x_wconf 81' lang='lat' dir='ltr'><strong>dubiteutl</strong></span> <span class='ocrx_word' id='word_1_82' title='bbox 815 1417 836 1462; x_wconf 88' lang='lat' dir='ltr'><strong>a</strong></span> <span class='ocrx_word' id='word_1_83' title='bbox 857 1397 977 1482; x_wconf 88' lang='lat' dir='ltr'><strong>quibus</strong></span> <span class='ocrx_word' id='word_1_84' title='bbox 994 1403 1110 1464; x_wconf 89' lang='lat' dir='ltr'><strong>natum</strong></span> <span class='ocrx_word' id='word_1_85' title='bbox 1127 1403 1178 1462; x_wconf 90' lang='lat' dir='ltr'><strong>est</strong></span> 
     </span>
     <span class='ocr_line' id='line_1_12' title="bbox 165 1499 1176 1587; baseline 0 -23"><span class='ocrx_word' id='word_1_86' title='bbox 165 1500 215 1583; x_wconf 90' lang='lat' dir='ltr'><strong>id,</strong></span> <span class='ocrx_word' id='word_1_87' title='bbox 241 1499 331 1587; x_wconf 85' lang='lat' dir='ltr'><strong>quod</strong></span> <span class='ocrx_word' id='word_1_88' title='bbox 361 1500 426 1564; x_wconf 91' lang='lat' dir='ltr'><strong>iam</strong></span> <span class='ocrx_word' id='word_1_89' title='bbox 457 1500 639 1570; x_wconf 88' lang='lat' dir='ltr'><strong>contritum</strong></span> <span class='ocrx_word' id='word_1_90' title='bbox 668 1507 718 1566; x_wconf 85' lang='lat' dir='ltr'><strong>est</strong></span> <span class='ocrx_word' id='word_1_91' title='bbox 746 1507 922 1582; x_wconf 87' lang='lat' dir='ltr'><strong>vetustate,</strong></span> <span class='ocrx_word' id='word_1_92' title='bbox 952 1499 1176 1586; x_wconf 88' lang='lat' dir='ltr'><strong>proverbium.</strong></span> 
     </span>
     <span class='ocr_line' id='line_1_13' title="bbox 167 1601 1178 1688; baseline -0.005 -18"><span class='ocrx_word' id='word_1_93' title='bbox 167 1602 257 1670; x_wconf 84' lang='lat' dir='ltr'><strong>Cum</strong></span> <span class='ocrx_word' id='word_1_94' title='bbox 271 1603 361 1668; x_wconf 89' lang='lat' dir='ltr'><strong>enim</strong></span> <span class='ocrx_word' id='word_1_95' title='bbox 384 1601 486 1669; x_wconf 88' lang='lat' dir='ltr'><strong>fidem</strong></span> <span class='ocrx_word' id='word_1_96' title='bbox 508 1602 646 1670; x_wconf 88' lang='lat' dir='ltr'><strong>alicuius</strong></span> <span class='ocrx_word' id='word_1_97' title='bbox 665 1602 914 1688; x_wconf 85' lang='lat' dir='ltr'><strong>bonitatemque</strong></span> <span class='ocrx_word' id='word_1_98' title='bbox 938 1601 1084 1684; x_wconf 86' lang='lat' dir='ltr'><strong>landant,</strong></span> <span class='ocrx_word' id='word_1_99' title='bbox 1108 1601 1178 1688; x_wconf 87' lang='lat' dir='ltr'><strong>dig-</strong></span> 
     </span>
    </p>
   </div>
   <div class='ocr_carea' id='block_1_3' title="bbox 131 1703 1224 2205">
    <p class='ocr_par' dir='ltr' id='par_1_3' title="bbox 131 1703 1224 2205">
     <span class='ocr_line' id='line_1_14' title="bbox 167 1703 1178 1792; baseline -0.001 -21"><span class='ocrx_word' id='word_1_100' title='bbox 167 1727 252 1771; x_wconf 92' lang='lat' dir='ltr'><strong>num</strong></span> <span class='ocrx_word' id='word_1_101' title='bbox 273 1719 343 1772; x_wconf 77' lang='lat' dir='ltr'><strong>esse·</strong></span> <span class='ocrx_word' id='word_1_102' title='bbox 369 1705 494 1789; x_wconf 88' lang='lat' dir='ltr'><strong>dieunt,</strong></span> <span class='ocrx_word' id='word_1_103' title='bbox 513 1705 678 1792; x_wconf 90' lang='lat' dir='ltr'><strong>“quicum</strong></span> <span class='ocrx_word' id='word_1_104' title='bbox 700 1705 736 1771; x_wconf 89' lang='lat' dir='ltr'><strong>in</strong></span> <span class='ocrx_word' id='word_1_105' title='bbox 758 1705 904 1772; x_wconf 90' lang='lat' dir='ltr'><strong>tenebris</strong></span> <span class='ocrx_word' id='word_1_106' title='bbox 926 1704 1057 1785; x_wconf 85' lang='lat' dir='ltr'><strong>mices.&#39;&#39;</strong></span> <span class='ocrx_word' id='word_1_107' title='bbox 1102 1703 1178 1770; x_wconf 88' lang='lat' dir='ltr'><strong>Hoc</strong></span> 
     </span>
     <span class='ocr_line' id='line_1_15' title="bbox 167 1806 1177 1895; baseline -0.001 -22"><span class='ocrx_word' id='word_1_108' title='bbox 167 1829 269 1895; x_wconf 88' lang='lat' dir='ltr'><strong>quam</strong></span> <span class='ocrx_word' id='word_1_109' title='bbox 291 1807 391 1875; x_wconf 85' lang='lat' dir='ltr'><strong>habet</strong></span> <span class='ocrx_word' id='word_1_110' title='bbox 412 1809 481 1881; x_wconf 87' lang='lat' dir='ltr'><strong>vim</strong></span> <span class='ocrx_word' id='word_1_111' title='bbox 504 1807 568 1874; x_wconf 88' lang='lat' dir='ltr'><strong>nisi</strong></span> <span class='ocrx_word' id='word_1_112' title='bbox 590 1807 692 1891; x_wconf 84' lang='lat' dir='ltr'><strong>illam,</strong></span> <span class='ocrx_word' id='word_1_113' title='bbox 710 1807 796 1874; x_wconf 91' lang='lat' dir='ltr'><strong>nibil</strong></span> <span class='ocrx_word' id='word_1_114' title='bbox 816 1807 982 1895; x_wconf 87' lang='lat' dir='ltr'><strong>expedire,</strong></span> <span class='ocrx_word' id='word_1_115' title='bbox 998 1806 1088 1894; x_wconf 91' lang='lat' dir='ltr'><strong>quod</strong></span> <span class='ocrx_word' id='word_1_116' title='bbox 1109 1827 1177 1872; x_wconf 92' lang='lat' dir='ltr'><strong>non</strong></span> 
     </span>
     <span class='ocr_line' id='line_1_16' title="bbox 131 1909 1176 1998; baseline 0 -22"><span class='ocrx_word' id='word_1_117' title='bbox 131 1911 293 1994; x_wconf 76' lang='lat' dir='ltr'><strong>adescat,</strong></span> <span class='ocrx_word' id='word_1_118' title='bbox 323 1911 452 1978; x_wconf 87' lang='lat' dir='ltr'><strong>etiamsi</strong></span> <span class='ocrx_word' id='word_1_119' title='bbox 481 1910 516 1976; x_wconf 90' lang='lat' dir='ltr'><strong>id</strong></span> <span class='ocrx_word' id='word_1_120' title='bbox 545 1911 650 1998; x_wconf 90' lang='lat' dir='ltr'><strong>possis</strong></span> <span class='ocrx_word' id='word_1_121' title='bbox 676 1909 769 1976; x_wconf 90' lang='lat' dir='ltr'><strong>nullo</strong></span> <span class='ocrx_word' id='word_1_122' title='bbox 801 1909 975 1976; x_wconf 83' lang='lat' dir='ltr'><strong>refellente</strong></span> <span class='ocrx_word' id='word_1_123' title='bbox 1006 1909 1176 1998; x_wconf 77' lang='lat' dir='ltr'><strong>optineret</strong></span> 
     </span>
     <span class='ocr_line' id='line_1_17' title="bbox 166 2013 1224 2102; baseline 0 -22"><span class='ocrx_word' id='word_1_124' title='bbox 166 2013 318 2080; x_wconf 87' lang='lat' dir='ltr'><strong>Videsne</strong></span> <span class='ocrx_word' id='word_1_125' title='bbox 339 2013 402 2081; x_wconf 86' lang='lat' dir='ltr'><strong>hoe</strong></span> <span class='ocrx_word' id='word_1_126' title='bbox 423 2014 599 2102; x_wconf 86' lang='lat' dir='ltr'><strong>proverbio</strong></span> <span class='ocrx_word' id='word_1_127' title='bbox 621 2035 729 2100; x_wconf 88' lang='lat' dir='ltr'><strong>neque</strong></span> <span class='ocrx_word' id='word_1_128' title='bbox 747 2013 838 2101; x_wconf 81' lang='lat' dir='ltr'><strong>Gygi</strong></span> <span class='ocrx_word' id='word_1_129' title='bbox 856 2013 905 2079; x_wconf 92' lang='lat' dir='ltr'><strong>illi</strong></span> <span class='ocrx_word' id='word_1_130' title='bbox 927 2035 1022 2101; x_wconf 88' lang='lat' dir='ltr'><strong>posse</strong></span> <span class='ocrx_word' id='word_1_131' title='bbox 1045 2014 1224 2080; x_wconf 76' lang='lat' dir='ltr'><strong>veniamta</strong></span> 
     </span>
     <span class='ocr_line' id='line_1_18' title="bbox 167 2116 1176 2205; baseline -0.004 -17"><span class='ocrx_word' id='word_1_132' title='bbox 167 2116 241 2188; x_wconf 85' lang='lat' dir='ltr'><strong>dari</strong></span> <span class='ocrx_word' id='word_1_133' title='bbox 257 2137 366 2204; x_wconf 90' lang='lat' dir='ltr'><strong>neque</strong></span> <span class='ocrx_word' id='word_1_134' title='bbox 380 2116 469 2200; x_wconf 89' lang='lat' dir='ltr'><strong>huic,</strong></span> <span class='ocrx_word' id='word_1_135' title='bbox 484 2138 585 2204; x_wconf 89' lang='lat' dir='ltr'><strong>quem</strong></span> <span class='ocrx_word' id='word_1_136' title='bbox 602 2116 702 2205; x_wconf 90' lang='lat' dir='ltr'><strong>paulo</strong></span> <span class='ocrx_word' id='word_1_137' title='bbox 719 2123 796 2183; x_wconf 89' lang='lat' dir='ltr'><strong>ante</strong></span> <span class='ocrx_word' id='word_1_138' title='bbox 813 2116 979 2204; x_wconf 85' lang='lat' dir='ltr'><strong>fingebam</strong></span> <span class='ocrx_word' id='word_1_139' title='bbox 994 2117 1176 2205; x_wconf 84' lang='lat' dir='ltr'><strong>digitorum</strong></span> 
     </span>
    </p>
   </div>
   <div class='ocr_carea' id='block_1_4' title="bbox 133 2219 1225 3644">
    <p class='ocr_par' dir='ltr' id='par_1_4' title="bbox 133 2219 1225 3644">
     <span class='ocr_line' id='line_1_19' title="bbox 167 2219 1178 2308; baseline 0.001 -23"><span class='ocrx_word' id='word_1_140' title='bbox 167 2220 378 2308; x_wconf 81' lang='lat' dir='ltr'><strong>percussione</strong></span> <span class='ocrx_word' id='word_1_141' title='bbox 393 2219 590 2286; x_wconf 86' lang='lat' dir='ltr'><strong>hereditates</strong></span> <span class='ocrx_word' id='word_1_142' title='bbox 604 2221 754 2286; x_wconf 91' lang='lat' dir='ltr'><strong>omnium</strong></span> <span class='ocrx_word' id='word_1_143' title='bbox 769 2241 864 2306; x_wconf 89' lang='lat' dir='ltr'><strong>posse</strong></span> <span class='ocrx_word' id='word_1_144' title='bbox 878 2221 1091 2288; x_wconf 75' lang='lat' dir='ltr'><strong>converreret</strong></span> <span class='ocrx_word' id='word_1_145' title='bbox 1128 2221 1178 2288; x_wconf 90' lang='lat' dir='ltr'><strong>Ut</strong></span> 
     </span>
     <span class='ocr_line' id='line_1_20' title="bbox 168 2323 1177 2410; baseline 0 -22"><span class='ocrx_word' id='word_1_146' title='bbox 168 2323 270 2406; x_wconf 88' lang='lat' dir='ltr'><strong>enim,</strong></span> <span class='ocrx_word' id='word_1_147' title='bbox 283 2323 385 2410; x_wconf 6' lang='lat' dir='ltr'><strong>‘quod</strong></span> <span class='ocrx_word' id='word_1_148' title='bbox 403 2331 500 2410; x_wconf 87' lang='lat' dir='ltr'><strong>turpe</strong></span> <span class='ocrx_word' id='word_1_149' title='bbox 523 2330 583 2406; x_wconf 87' lang='lat' dir='ltr'><strong>est,</strong></span> <span class='ocrx_word' id='word_1_150' title='bbox 605 2323 650 2406; x_wconf 90' lang='lat' dir='ltr'><strong>id,</strong></span> <span class='ocrx_word' id='word_1_151' title='bbox 673 2323 826 2410; x_wconf 89' lang='lat' dir='ltr'><strong>quamvis</strong></span> <span class='ocrx_word' id='word_1_152' title='bbox 851 2323 1044 2407; x_wconf 87' lang='lat' dir='ltr'><strong>occultetur,</strong></span> <span class='ocrx_word' id='word_1_153' title='bbox 1064 2331 1177 2390; x_wconf 86' lang='lat' dir='ltr'><strong>tamen</strong></span> 
     </span>
     <span class='ocr_line' id='line_1_21' title="bbox 133 2423 1175 2512; baseline 0.003 -24"><span class='ocrx_word' id='word_1_154' title='bbox 133 2423 349 2492; x_wconf 83' lang='lat' dir='ltr'><strong>sobonestum</strong></span> <span class='ocrx_word' id='word_1_155' title='bbox 363 2424 435 2490; x_wconf 88' lang='lat' dir='ltr'><strong>fieri</strong></span> <span class='ocrx_word' id='word_1_156' title='bbox 453 2424 546 2492; x_wconf 84' lang='lat' dir='ltr'><strong>nullo</strong></span> <span class='ocrx_word' id='word_1_157' title='bbox 563 2425 664 2492; x_wconf 90' lang='lat' dir='ltr'><strong>modo</strong></span> <span class='ocrx_word' id='word_1_158' title='bbox 681 2431 800 2512; x_wconf 89' lang='lat' dir='ltr'><strong>potest,</strong></span> <span class='ocrx_word' id='word_1_159' title='bbox 819 2424 874 2507; x_wconf 87' lang='lat' dir='ltr'><strong>sio,</strong></span> <span class='ocrx_word' id='word_1_160' title='bbox 892 2426 981 2512; x_wconf 90' lang='lat' dir='ltr'><strong>quod</strong></span> <span class='ocrx_word' id='word_1_161' title='bbox 1000 2424 1175 2492; x_wconf 87' lang='lat' dir='ltr'><strong>honestum</strong></span> 
     </span>
     <span class='ocr_line' id='line_1_22' title="bbox 169 2527 1177 2614; baseline 0 -20"><span class='ocrx_word' id='word_1_162' title='bbox 169 2549 236 2595; x_wconf 88' lang='lat' dir='ltr'><strong>uon</strong></span> <span class='ocrx_word' id='word_1_163' title='bbox 251 2535 312 2611; x_wconf 90' lang='lat' dir='ltr'><strong>est,</strong></span> <span class='ocrx_word' id='word_1_164' title='bbox 327 2527 361 2594; x_wconf 90' lang='lat' dir='ltr'><strong>id</strong></span> <span class='ocrx_word' id='word_1_165' title='bbox 380 2527 463 2594; x_wconf 91' lang='lat' dir='ltr'><strong>utile</strong></span> <span class='ocrx_word' id='word_1_166' title='bbox 480 2535 519 2594; x_wconf 91' lang='lat' dir='ltr'><strong>ut</strong></span> <span class='ocrx_word' id='word_1_167' title='bbox 536 2528 589 2611; x_wconf 88' lang='lat' dir='ltr'><strong>sit,</strong></span> <span class='ocrx_word' id='word_1_168' title='bbox 607 2527 692 2594; x_wconf 87' lang='lat' dir='ltr'><strong>effici</strong></span> <span class='ocrx_word' id='word_1_169' title='bbox 711 2550 777 2595; x_wconf 92' lang='lat' dir='ltr'><strong>non</strong></span> <span class='ocrx_word' id='word_1_170' title='bbox 796 2534 905 2614; x_wconf 88' lang='lat' dir='ltr'><strong>potest</strong></span> <span class='ocrx_word' id='word_1_171' title='bbox 927 2529 1120 2594; x_wconf 89' lang='lat' dir='ltr'><strong>adversante</strong></span> <span class='ocrx_word' id='word_1_172' title='bbox 1142 2536 1177 2594; x_wconf 92' lang='lat' dir='ltr'><strong>et</strong></span> 
     </span>
     <span class='ocr_line' id='line_1_23' title="bbox 169 2638 1174 2719; baseline -0.003 -19"><span class='ocrx_word' id='word_1_173' title='bbox 169 2638 375 2719; x_wconf 76' lang='lat' dir='ltr'><strong>repugnante</strong></span> <span class='ocrx_word' id='word_1_174' title='bbox 392 2638 518 2696; x_wconf 82' lang='lat' dir='ltr'><strong>natura</strong></span> <span class='ocrx_word' id='word_1_175' title='bbox 1173 2683 1174 2686; x_wconf 63' lang='lat'>,</span> 
     </span>
     <span class='ocr_line' id='line_1_24' title="bbox 212 2705 1225 2851; baseline -0.001 -53"><span class='ocrx_word' id='word_1_176' title='bbox 212 2734 263 2798; x_wconf 86' lang='lat' dir='ltr'><strong>At</strong></span> <span class='ocrx_word' id='word_1_177' title='bbox 274 2733 373 2816; x_wconf 88' lang='lat' dir='ltr'><strong>enim,</strong></span> <span class='ocrx_word' id='word_1_178' title='bbox 385 2747 461 2800; x_wconf 87' lang='lat' dir='ltr'><strong>enm</strong></span> <span class='ocrx_word' id='word_1_179' title='bbox 472 2753 652 2820; x_wconf 85' lang='lat' dir='ltr'><strong>permagna</strong></span> <span class='ocrx_word' id='word_1_180' title='bbox 665 2732 811 2820; x_wconf 84' lang='lat' dir='ltr'><strong>praemia</strong></span> <span class='ocrx_word' id='word_1_181' title='bbox 826 2739 915 2816; x_wconf 88' lang='lat' dir='ltr'><strong>suut,</strong></span> <span class='ocrx_word' id='word_1_182' title='bbox 929 2737 978 2795; x_wconf 88' lang='lat' dir='ltr'><strong>est</strong></span> <span class='ocrx_word' id='word_1_183' title='bbox 994 2751 1089 2796; x_wconf 89' lang='lat' dir='ltr'><strong>causa</strong></span> <span class='ocrx_word' id='word_1_184' title='bbox 1103 2705 1225 2851; x_wconf 67' lang='lat' dir='ltr'><strong>pec²7⁰9</strong></span> 
     </span>
     <span class='ocr_line' id='line_1_25' title="bbox 170 2833 1176 2923; baseline -0.002 -21"><span class='ocrx_word' id='word_1_185' title='bbox 170 2834 276 2902; x_wconf 87' lang='lat' dir='ltr'><strong>candi.</strong></span> <span class='ocrx_word' id='word_1_186' title='bbox 321 2835 360 2902; x_wconf 84' lang='lat' dir='ltr'><strong>O.</strong></span> <span class='ocrx_word' id='word_1_187' title='bbox 375 2834 502 2902; x_wconf 87' lang='lat' dir='ltr'><strong>Marius</strong></span> <span class='ocrx_word' id='word_1_188' title='bbox 516 2856 593 2902; x_wconf 90' lang='lat' dir='ltr'><strong>cum</strong></span> <span class='ocrx_word' id='word_1_189' title='bbox 612 2857 632 2900; x_wconf 95' lang='lat' dir='ltr'><strong>a</strong></span> <span class='ocrx_word' id='word_1_190' title='bbox 649 2857 708 2923; x_wconf 91' lang='lat' dir='ltr'><strong>spe</strong></span> <span class='ocrx_word' id='word_1_191' title='bbox 725 2834 913 2902; x_wconf 87' lang='lat' dir='ltr'><strong>consulatus</strong></span> <span class='ocrx_word' id='word_1_192' title='bbox 934 2833 1033 2920; x_wconf 82' lang='lat' dir='ltr'><strong>longe</strong></span> <span class='ocrx_word' id='word_1_193' title='bbox 1051 2833 1176 2900; x_wconf 87' lang='lat' dir='ltr'><strong>abesset</strong></span> 
     </span>
     <span class='ocr_line' id='line_1_26' title="bbox 136 2937 1178 3026; baseline -0.001 -22"><span class='ocrx_word' id='word_1_194' title='bbox 136 2946 205 3004; x_wconf 76' lang='lat' dir='ltr'><strong>suet</strong></span> <span class='ocrx_word' id='word_1_195' title='bbox 221 2937 286 3003; x_wconf 91' lang='lat' dir='ltr'><strong>iam</strong></span> <span class='ocrx_word' id='word_1_196' title='bbox 306 2937 486 3026; x_wconf 89' lang='lat' dir='ltr'><strong>septimum</strong></span> <span class='ocrx_word' id='word_1_197' title='bbox 501 2959 625 3003; x_wconf 89' lang='lat' dir='ltr'><strong>annum</strong></span> <span class='ocrx_word' id='word_1_198' title='bbox 641 2946 717 3026; x_wconf 91' lang='lat' dir='ltr'><strong>post</strong></span> <span class='ocrx_word' id='word_1_199' title='bbox 731 2945 919 3026; x_wconf 86' lang='lat' dir='ltr'><strong>praeturam</strong></span> <span class='ocrx_word' id='word_1_200' title='bbox 933 2937 1052 3004; x_wconf 88' lang='lat' dir='ltr'><strong>iaceret</strong></span> <span class='ocrx_word' id='word_1_201' title='bbox 1070 2940 1178 3026; x_wconf 90' lang='lat' dir='ltr'><strong>neque</strong></span> 
     </span>
     <span class='ocr_line' id='line_1_27' title="bbox 170 3039 1177 3128; baseline 0 -22"><span class='ocrx_word' id='word_1_202' title='bbox 170 3040 334 3128; x_wconf 90' lang='lat' dir='ltr'><strong>petiturus</strong></span> <span class='ocrx_word' id='word_1_203' title='bbox 348 3061 507 3128; x_wconf 85' lang='lat' dir='ltr'><strong>nmquam</strong></span> <span class='ocrx_word' id='word_1_204' title='bbox 522 3039 730 3108; x_wconf 88' lang='lat' dir='ltr'><strong>consulatum</strong></span> <span class='ocrx_word' id='word_1_205' title='bbox 742 3041 920 3126; x_wconf 88' lang='lat' dir='ltr'><strong>videretur,</strong></span> <span class='ocrx_word' id='word_1_206' title='bbox 936 3040 978 3120; x_wconf 79' lang='lat' dir='ltr'><strong>Q.</strong></span> <span class='ocrx_word' id='word_1_207' title='bbox 990 3039 1177 3125; x_wconf 88' lang='lat' dir='ltr'><strong>Metellum,</strong></span> 
     </span>
     <span class='ocr_line' id='line_1_28' title="bbox 171 3143 1178 3231; baseline 0.001 -19"><span class='ocrx_word' id='word_1_208' title='bbox 171 3143 263 3212; x_wconf 87' lang='lat' dir='ltr'><strong>cuius</strong></span> <span class='ocrx_word' id='word_1_209' title='bbox 280 3143 408 3231; x_wconf 87' lang='lat' dir='ltr'><strong>legatus</strong></span> <span class='ocrx_word' id='word_1_210' title='bbox 425 3151 504 3227; x_wconf 88' lang='lat' dir='ltr'><strong>erat,</strong></span> <span class='ocrx_word' id='word_1_211' title='bbox 520 3165 688 3210; x_wconf 90' lang='lat' dir='ltr'><strong>summum</strong></span> <span class='ocrx_word' id='word_1_212' title='bbox 710 3145 819 3210; x_wconf 92' lang='lat' dir='ltr'><strong>virum</strong></span> <span class='ocrx_word' id='word_1_213' title='bbox 840 3153 876 3212; x_wconf 87' lang='lat' dir='ltr'><strong>et</strong></span> <span class='ocrx_word' id='word_1_214' title='bbox 897 3145 1014 3228; x_wconf 89' lang='lat' dir='ltr'><strong>civem,</strong></span> <span class='ocrx_word' id='word_1_215' title='bbox 1037 3167 1114 3212; x_wconf 91' lang='lat' dir='ltr'><strong>cum</strong></span> <span class='ocrx_word' id='word_1_216' title='bbox 1136 3147 1178 3213; x_wconf 89' lang='lat' dir='ltr'><strong>ub</strong></span> 
     </span>
     <span class='ocr_line' id='line_1_29' title="bbox 170 3245 1180 3336; baseline 0.001 -23"><span class='ocrx_word' id='word_1_217' title='bbox 170 3267 219 3330; x_wconf 92' lang='lat' dir='ltr'><strong>eo,</strong></span> <span class='ocrx_word' id='word_1_218' title='bbox 243 3247 441 3334; x_wconf 88' lang='lat' dir='ltr'><strong>imperatore</strong></span> <span class='ocrx_word' id='word_1_219' title='bbox 463 3267 533 3329; x_wconf 85' lang='lat' dir='ltr'><strong>suo,</strong></span> <span class='ocrx_word' id='word_1_220' title='bbox 555 3245 698 3312; x_wconf 87' lang='lat' dir='ltr'><strong>Romam</strong></span> <span class='ocrx_word' id='word_1_221' title='bbox 720 3247 839 3313; x_wconf 90' lang='lat' dir='ltr'><strong>missus</strong></span> <span class='ocrx_word' id='word_1_222' title='bbox 860 3256 955 3332; x_wconf 88' lang='lat' dir='ltr'><strong>esset,</strong></span> <span class='ocrx_word' id='word_1_223' title='bbox 973 3248 1061 3336; x_wconf 88' lang='lat' dir='ltr'><strong>apud</strong></span> <span class='ocrx_word' id='word_1_224' title='bbox 1076 3271 1180 3336; x_wconf 90' lang='lat' dir='ltr'><strong>popu-</strong></span> 
     </span>
     <span class='ocr_line' id='line_1_30' title="bbox 170 3347 1179 3435; baseline 0.002 -21"><span class='ocrx_word' id='word_1_225' title='bbox 170 3347 241 3414; x_wconf 89' lang='lat' dir='ltr'><strong>lum</strong></span> <span class='ocrx_word' id='word_1_226' title='bbox 256 3347 447 3414; x_wconf 88' lang='lat' dir='ltr'><strong>Romanum</strong></span> <span class='ocrx_word' id='word_1_227' title='bbox 461 3348 655 3415; x_wconf 86' lang='lat' dir='ltr'><strong>criminatus</strong></span> <span class='ocrx_word' id='word_1_228' title='bbox 669 3357 721 3416; x_wconf 89' lang='lat' dir='ltr'><strong>est</strong></span> <span class='ocrx_word' id='word_1_229' title='bbox 735 3349 859 3416; x_wconf 89' lang='lat' dir='ltr'><strong>bellum</strong></span> <span class='ocrx_word' id='word_1_230' title='bbox 875 3351 971 3416; x_wconf 90' lang='lat' dir='ltr'><strong>illum</strong></span> <span class='ocrx_word' id='word_1_231' title='bbox 987 3352 1128 3435; x_wconf 86' lang='lat' dir='ltr'><strong>ducere3</strong></span> <span class='ocrx_word' id='word_1_232' title='bbox 1151 3351 1179 3418; x_wconf 91' lang='lat' dir='ltr'><strong>si</strong></span> 
     </span>
     <span class='ocr_line' id='line_1_31' title="bbox 136 3451 1179 3540; baseline 0.002 -23"><span class='ocrx_word' id='word_1_233' title='bbox 136 3472 205 3518; x_wconf 82' lang='lat' dir='ltr'><strong>sose</strong></span> <span class='ocrx_word' id='word_1_234' title='bbox 229 3451 589 3534; x_wconf 85' lang='lat' dir='ltr'><strong>consulemfeoissent,</strong></span> <span class='ocrx_word' id='word_1_235' title='bbox 612 3453 706 3522; x_wconf 91' lang='lat' dir='ltr'><strong>brevi</strong></span> <span class='ocrx_word' id='word_1_236' title='bbox 730 3460 880 3540; x_wconf 87' lang='lat' dir='ltr'><strong>tempore</strong></span> <span class='ocrx_word' id='word_1_237' title='bbox 902 3462 960 3520; x_wconf 90' lang='lat' dir='ltr'><strong>ant</strong></span> <span class='ocrx_word' id='word_1_238' title='bbox 982 3455 1099 3520; x_wconf 88' lang='lat' dir='ltr'><strong>vivum</strong></span> <span class='ocrx_word' id='word_1_239' title='bbox 1122 3461 1179 3519; x_wconf 89' lang='lat' dir='ltr'><strong>aut</strong></span> 
     </span>
     <span class='ocr_line' id='line_1_32' title="bbox 169 3552 1180 3644; baseline 0 -24"><span class='ocrx_word' id='word_1_240' title='bbox 169 3561 341 3644; x_wconf 83' lang='lat' dir='ltr'><strong>mortuum</strong></span> <span class='ocrx_word' id='word_1_241' title='bbox 358 3552 557 3641; x_wconf 84' lang='lat' dir='ltr'><strong>Iugurtham</strong></span> <span class='ocrx_word' id='word_1_242' title='bbox 576 3575 610 3620; x_wconf 90' lang='lat' dir='ltr'><strong>so</strong></span> <span class='ocrx_word' id='word_1_243' title='bbox 628 3555 663 3620; x_wconf 91' lang='lat' dir='ltr'><strong>in</strong></span> <span class='ocrx_word' id='word_1_244' title='bbox 682 3563 879 3643; x_wconf 90' lang='lat' dir='ltr'><strong>potestatem</strong></span> <span class='ocrx_word' id='word_1_245' title='bbox 901 3557 1018 3644; x_wconf 90' lang='lat' dir='ltr'><strong>populi</strong></span> <span class='ocrx_word' id='word_1_246' title='bbox 1035 3555 1180 3622; x_wconf 85' lang='lat' dir='ltr'><strong>Romani</strong></span> 
     </span>
    </p>
   </div>
   <div class='ocr_carea' id='block_1_5' title="bbox 168 3653 1179 3747">
    <p class='ocr_par' dir='ltr' id='par_1_5' title="bbox 168 3653 1179 3747">
     <span class='ocr_line' id='line_1_33' title="bbox 168 3653 1179 3747; baseline -0.002 -22"><span class='ocrx_word' id='word_1_247' title='bbox 168 3653 394 3725; x_wconf 84' lang='lat' dir='ltr'><strong>redacturum.</strong></span> <span class='ocrx_word' id='word_1_248' title='bbox 439 3655 558 3746; x_wconf 90' lang='lat' dir='ltr'><strong>Itaque</strong></span> <span class='ocrx_word' id='word_1_249' title='bbox 573 3657 683 3724; x_wconf 85' lang='lat' dir='ltr'><strong>faetus</strong></span> <span class='ocrx_word' id='word_1_250' title='bbox 697 3665 747 3725; x_wconf 88' lang='lat' dir='ltr'><strong>est</strong></span> <span class='ocrx_word' id='word_1_251' title='bbox 764 3658 821 3726; x_wconf 92' lang='lat' dir='ltr'><strong>ille</strong></span> <span class='ocrx_word' id='word_1_252' title='bbox 836 3659 971 3747; x_wconf 89' lang='lat' dir='ltr'><strong>quidem</strong></span> <span class='ocrx_word' id='word_1_253' title='bbox 987 3659 1110 3742; x_wconf 83' lang='lat' dir='ltr'><strong>consul,</strong></span> <span class='ocrx_word' id='word_1_254' title='bbox 1121 3658 1179 3724; x_wconf 92' lang='lat' dir='ltr'><strong>sed</strong></span> 
     </span>
    </p>
   </div>
   <div class='ocr_carea' id='block_1_6' title="bbox 0 0 1373 4374">
    <p class='ocr_par' dir='ltr' id='par_1_6' title="bbox 0 0 1373 4374">
     <span class='ocr_line' id='line_1_34' title="bbox 0 0 1373 4374; baseline 0 0"><span class='ocrx_word' id='word_1_255' title='bbox 0 0 1373 4374; x_wconf 95' lang='lat' dir='ltr'><strong> </strong></span> 
     </span>
    </p>
   </div>
  </div>
 </body>
</html>
