<?xml version="1.0" encoding="UTF-8"?>
<!DOCTYPE html PUBLIC "-//W3C//DTD XHTML 1.0 Transitional//EN"
    "http://www.w3.org/TR/xhtml1/DTD/xhtml1-transitional.dtd">
<html xmlns="http://www.w3.org/1999/xhtml" xml:lang="en" lang="en">
 <head>
  <title>
</title>
<meta http-equiv="Content-Type" content="text/html;charset=utf-8" />
  <meta name='ocr-system' content='tesseract 3.04.00' />
  <meta name='ocr-capabilities' content='ocr_page ocr_carea ocr_par ocr_line ocrx_word'/>
</head>
<body>
  <div class='ocr_page' id='page_1' title='image "./mtulliiciceroni00sticgoog_0177.png"; bbox 0 0 2710 4374; ppageno 0'>
   <div class='ocr_carea' id='block_1_1' title="bbox 386 421 1153 507">
    <p class='ocr_par' dir='ltr' id='par_1_1' title="bbox 386 421 1153 507">
     <span class='ocr_line' id='line_1_1' title="bbox 386 421 1153 507; baseline 0.008 -35"><span class='ocrx_word' id='word_1_1' title='bbox 386 423 525 473; x_wconf 79' lang='lat' dir='ltr'><strong>maur.</strong></span> <span class='ocrx_word' id='word_1_2' title='bbox 560 421 642 473; x_wconf 77' lang='lat' dir='ltr'><strong>car.</strong></span> <span class='ocrx_word' id='word_1_3' title='bbox 661 425 751 474; x_wconf 70' lang='lat' dir='ltr'><strong>mlv.</strong></span> <span class='ocrx_word' id='word_1_4' title='bbox 787 421 910 483; x_wconf 80' lang='lat' dir='ltr'><strong>§ea-sa</strong></span> <span class='ocrx_word' id='word_1_5' title='bbox 1081 421 1153 507; x_wconf 43' lang='grc' dir='ltr'><strong>Ὶ147</strong></span> 
     </span>
    </p>
   </div>
   <div class='ocr_carea' id='block_1_2' title="bbox 84 571 1265 3844">
    <p class='ocr_par' dir='ltr' id='par_1_2' title="bbox 84 571 1265 3844">
     <span class='ocr_line' id='line_1_2' title="bbox 124 571 1151 661; baseline -0.002 -21"><span class='ocrx_word' id='word_1_6' title='bbox 124 573 262 640; x_wconf 89' lang='lat' dir='ltr'><strong>bonam</strong></span> <span class='ocrx_word' id='word_1_7' title='bbox 289 573 406 639; x_wconf 81' lang='lat' dir='ltr'><strong>statuit</strong></span> <span class='ocrx_word' id='word_1_8' title='bbox 427 572 593 661; x_wconf 86' lang='lat' dir='ltr'><strong>pertinere</strong></span> <span class='ocrx_word' id='word_1_9' title='bbox 618 579 736 639; x_wconf 87' lang='lat' dir='ltr'><strong>notum</strong></span> <span class='ocrx_word' id='word_1_10' title='bbox 759 592 828 638; x_wconf 91' lang='lat' dir='ltr'><strong>esse</strong></span> <span class='ocrx_word' id='word_1_11' title='bbox 849 571 991 660; x_wconf 87' lang='lat' dir='ltr'><strong>emptori</strong></span> <span class='ocrx_word' id='word_1_12' title='bbox 1020 571 1151 656; x_wconf 89' lang='lat' dir='ltr'><strong>vitium,</strong></span> 
     </span>
     <span class='ocr_line' id='line_1_3' title="bbox 129 674 1151 763; baseline 0 -23"><span class='ocrx_word' id='word_1_13' title='bbox 129 675 229 763; x_wconf 87' lang='lat' dir='ltr'><strong>qnod</strong></span> <span class='ocrx_word' id='word_1_14' title='bbox 252 683 367 742; x_wconf 88' lang='lat' dir='ltr'><strong>nosset</strong></span> <span class='ocrx_word' id='word_1_15' title='bbox 390 675 553 742; x_wconf 90' lang='lat' dir='ltr'><strong>venditor.</strong></span> <span class='ocrx_word' id='word_1_16' title='bbox 599 674 698 754; x_wconf 80' lang='lat' dir='ltr'><strong>Quod</strong></span> <span class='ocrx_word' id='word_1_17' title='bbox 722 675 751 741; x_wconf 90' lang='lat' dir='ltr'><strong>si</strong></span> <span class='ocrx_word' id='word_1_18' title='bbox 776 681 864 742; x_wconf 86' lang='lat' dir='ltr'><strong>recte</strong></span> <span class='ocrx_word' id='word_1_19' title='bbox 888 675 1057 758; x_wconf 89' lang='lat' dir='ltr'><strong>iudicavit,</strong></span> <span class='ocrx_word' id='word_1_20' title='bbox 1083 696 1151 742; x_wconf 91' lang='lat' dir='ltr'><strong>non</strong></span> 
     </span>
     <span class='ocr_line' id='line_1_4' title="bbox 131 777 1152 866; baseline 0 -22"><span class='ocrx_word' id='word_1_21' title='bbox 131 786 229 846; x_wconf 90' lang='lat' dir='ltr'><strong>recte</strong></span> <span class='ocrx_word' id='word_1_22' title='bbox 243 778 485 844; x_wconf 77' lang='lat' dir='ltr'><strong>frumentarias</strong></span> <span class='ocrx_word' id='word_1_23' title='bbox 498 777 566 862; x_wconf 92' lang='lat' dir='ltr'><strong>ille,</strong></span> <span class='ocrx_word' id='word_1_24' title='bbox 581 799 649 845; x_wconf 91' lang='grc' dir='ltr'>ιιοιι</span> <span class='ocrx_word' id='word_1_25' title='bbox 667 785 756 844; x_wconf 87' lang='lat' dir='ltr'><strong>recte</strong></span> <span class='ocrx_word' id='word_1_26' title='bbox 773 777 905 844; x_wconf 89' lang='lat' dir='ltr'><strong>aedium</strong></span> <span class='ocrx_word' id='word_1_27' title='bbox 924 777 1152 866; x_wconf 87' lang='lat' dir='ltr'><strong>pestilentium</strong></span> 
     </span>
     <span class='ocr_line' id='line_1_5' title="bbox 133 879 1152 949; baseline 0.002 -5"><span class='ocrx_word' id='word_1_28' title='bbox 133 880 299 946; x_wconf 86' lang='lat' dir='ltr'><strong>venditor</strong></span> <span class='ocrx_word' id='word_1_29' title='bbox 315 881 428 947; x_wconf 87' lang='lat' dir='ltr'><strong>tacuit.</strong></span> <span class='ocrx_word' id='word_1_30' title='bbox 466 880 531 948; x_wconf 83' lang='lat' dir='ltr'><strong>Sed</strong></span> <span class='ocrx_word' id='word_1_31' title='bbox 546 880 645 947; x_wconf 89' lang='lat' dir='ltr'><strong>huius</strong></span> <span class='ocrx_word' id='word_1_32' title='bbox 663 880 755 947; x_wconf 90' lang='lat' dir='ltr'><strong>modi</strong></span> <span class='ocrx_word' id='word_1_33' title='bbox 770 879 960 947; x_wconf 77' lang='lat' dir='ltr'><strong>reticentiae</strong></span> <span class='ocrx_word' id='word_1_34' title='bbox 975 881 1047 947; x_wconf 92' lang='lat' dir='ltr'><strong>iure</strong></span> <span class='ocrx_word' id='word_1_35' title='bbox 1061 881 1152 949; x_wconf 90' lang='lat' dir='ltr'><strong>civili</strong></span> 
     </span>
     <span class='ocr_line' id='line_1_6' title="bbox 84 983 1152 1079; baseline 0.003 -34"><span class='ocrx_word' id='word_1_36' title='bbox 84 983 380 1071; x_wconf 64' lang='lat' dir='ltr'><strong>⁸acomprehendi</strong></span> <span class='ocrx_word' id='word_1_37' title='bbox 402 1005 470 1050; x_wconf 90' lang='lat' dir='ltr'><strong>non</strong></span> <span class='ocrx_word' id='word_1_38' title='bbox 491 993 755 1072; x_wconf 85' lang='lat' dir='ltr'><strong>possunt;·qaae</strong></span> <span class='ocrx_word' id='word_1_39' title='bbox 768 991 887 1079; x_wconf 15' lang='lat' dir='ltr'><strong>vantem</strong></span> <span class='ocrx_word' id='word_1_40' title='bbox 904 992 1057 1072; x_wconf 88' lang='lat' dir='ltr'><strong>possunt,</strong></span> <span class='ocrx_word' id='word_1_41' title='bbox 1080 983 1152 1049; x_wconf 91' lang='lat' dir='ltr'><strong>dili-</strong></span> 
     </span>
     <span class='ocr_line' id='line_1_7' title="bbox 135 1084 1151 1175; baseline 0.003 -24"><span class='ocrx_word' id='word_1_42' title='bbox 135 1094 262 1174; x_wconf 89' lang='lat' dir='ltr'><strong>genter</strong></span> <span class='ocrx_word' id='word_1_43' title='bbox 283 1093 449 1152; x_wconf 86' lang='lat' dir='ltr'><strong>tenentur.</strong></span> <span class='ocrx_word' id='word_1_44' title='bbox 493 1084 542 1152; x_wconf 89' lang='lat' dir='ltr'><strong>M.</strong></span> <span class='ocrx_word' id='word_1_45' title='bbox 558 1085 685 1152; x_wconf 90' lang='lat' dir='ltr'><strong>Marius</strong></span> <span class='ocrx_word' id='word_1_46' title='bbox 704 1085 927 1170; x_wconf 83' lang='lat' dir='ltr'><strong>Gratidianus,</strong></span> <span class='ocrx_word' id='word_1_47' title='bbox 945 1087 1151 1175; x_wconf 89' lang='lat' dir='ltr'><strong>propinquus</strong></span> 
     </span>
     <span class='ocr_line' id='line_1_8' title="bbox 137 1188 1151 1277; baseline 0.001 -23"><span class='ocrx_word' id='word_1_48' title='bbox 137 1195 265 1271; x_wconf 87' lang='lat' dir='ltr'><strong>noster,</strong></span> <span class='ocrx_word' id='word_1_49' title='bbox 281 1188 320 1254; x_wconf 83' lang='grc' dir='ltr'><strong>Ο.</strong></span> <span class='ocrx_word' id='word_1_50' title='bbox 336 1188 453 1274; x_wconf 86' lang='lat' dir='ltr'><strong>Sergio</strong></span> <span class='ocrx_word' id='word_1_51' title='bbox 469 1188 590 1254; x_wconf 80' lang='lat' dir='ltr'><strong>Oratae</strong></span> <span class='ocrx_word' id='word_1_52' title='bbox 608 1188 803 1255; x_wconf 86' lang='lat' dir='ltr'><strong>vendiderat</strong></span> <span class='ocrx_word' id='word_1_53' title='bbox 820 1189 916 1255; x_wconf 85' lang='lat' dir='ltr'><strong>aedes</strong></span> <span class='ocrx_word' id='word_1_54' title='bbox 930 1209 993 1274; x_wconf 88' lang='lat' dir='ltr'><strong>eas,</strong></span> <span class='ocrx_word' id='word_1_55' title='bbox 1008 1211 1088 1277; x_wconf 89' lang='lat' dir='ltr'><strong>quas</strong></span> <span class='ocrx_word' id='word_1_56' title='bbox 1109 1189 1151 1256; x_wconf 92' lang='lat' dir='ltr'><strong>ab</strong></span> 
     </span>
     <span class='ocr_line' id='line_1_9' title="bbox 139 1291 1265 1378; baseline 0.004 -20"><span class='ocrx_word' id='word_1_57' title='bbox 139 1291 262 1358; x_wconf 89' lang='lat' dir='ltr'><strong>eodem</strong></span> <span class='ocrx_word' id='word_1_58' title='bbox 278 1291 348 1377; x_wconf 88' lang='lat' dir='ltr'><strong>ipse</strong></span> <span class='ocrx_word' id='word_1_59' title='bbox 365 1291 477 1378; x_wconf 85' lang='lat' dir='ltr'><strong>paucis</strong></span> <span class='ocrx_word' id='word_1_60' title='bbox 491 1299 568 1356; x_wconf 88' lang='lat' dir='ltr'><strong>aute</strong></span> <span class='ocrx_word' id='word_1_61' title='bbox 583 1292 677 1357; x_wconf 89' lang='lat' dir='ltr'><strong>aunis</strong></span> <span class='ocrx_word' id='word_1_62' title='bbox 695 1299 835 1358; x_wconf 87' lang='lat' dir='ltr'><strong>emerat.</strong></span> <span class='ocrx_word' id='word_1_63' title='bbox 873 1291 941 1358; x_wconf 87' lang='lat' dir='ltr'><strong>Eae</strong></span> <span class='ocrx_word' id='word_1_64' title='bbox 956 1293 1150 1376; x_wconf 82' lang='lat' dir='ltr'><strong>serviebant,</strong></span> <span class='ocrx_word' id='word_1_65' title='bbox 1262 1357 1265 1363; x_wconf 28' lang='grc' dir='ltr'>ι</span> 
     </span>
     <span class='ocr_line' id='line_1_10' title="bbox 139 1385 1152 1482; baseline 0.001 -23"><span class='ocrx_word' id='word_1_66' title='bbox 139 1394 202 1459; x_wconf 88' lang='lat' dir='ltr'><strong>sed</strong></span> <span class='ocrx_word' id='word_1_67' title='bbox 220 1393 284 1458; x_wconf 90' lang='lat' dir='ltr'><strong>hoc</strong></span> <span class='ocrx_word' id='word_1_68' title='bbox 299 1395 334 1457; x_wconf 92' lang='lat' dir='ltr'><strong>in</strong></span> <span class='ocrx_word' id='word_1_69' title='bbox 350 1394 515 1482; x_wconf 88' lang='lat' dir='ltr'><strong>mancipio</strong></span> <span class='ocrx_word' id='word_1_70' title='bbox 530 1385 657 1462; x_wconf 85' lang='lat' dir='ltr'><strong>Marius</strong></span> <span class='ocrx_word' id='word_1_71' title='bbox 671 1415 740 1460; x_wconf 90' lang='lat' dir='ltr'><strong>non</strong></span> <span class='ocrx_word' id='word_1_72' title='bbox 755 1395 892 1461; x_wconf 85' lang='lat' dir='ltr'><strong>dixerat.</strong></span> <span class='ocrx_word' id='word_1_73' title='bbox 929 1395 1086 1460; x_wconf 83' lang='lat' dir='ltr'><strong>Adducta</strong></span> <span class='ocrx_word' id='word_1_74' title='bbox 1099 1417 1152 1461; x_wconf 88' lang='lat' dir='ltr'><strong>res</strong></span> 
     </span>
     <span class='ocr_line' id='line_1_11' title="bbox 101 1486 1152 1580; baseline 0.001 -20"><span class='ocrx_word' id='word_1_75' title='bbox 101 1517 131 1560; x_wconf 86' lang='grc' dir='ltr'><strong>ιο</strong></span> <span class='ocrx_word' id='word_1_76' title='bbox 140 1497 179 1562; x_wconf 91' lang='lat' dir='ltr'><strong>in</strong></span> <span class='ocrx_word' id='word_1_77' title='bbox 196 1486 358 1562; x_wconf 79' lang='lat' dir='ltr'><strong>iudicium</strong></span> <span class='ocrx_word' id='word_1_78' title='bbox 373 1504 432 1563; x_wconf 88' lang='lat' dir='ltr'><strong>est.</strong></span> <span class='ocrx_word' id='word_1_79' title='bbox 478 1497 614 1562; x_wconf 88' lang='lat' dir='ltr'><strong>Oratam</strong></span> <span class='ocrx_word' id='word_1_80' title='bbox 630 1497 774 1580; x_wconf 79' lang='lat' dir='ltr'><strong>Crassus,</strong></span> <span class='ocrx_word' id='word_1_81' title='bbox 791 1497 1025 1563; x_wconf 85' lang='lat' dir='ltr'><strong>Gratidianum</strong></span> <span class='ocrx_word' id='word_1_82' title='bbox 1040 1497 1152 1563; x_wconf 52' lang='lat' dir='ltr'><strong>defen*</strong></span> 
     </span>
     <span class='ocr_line' id='line_1_12' title="bbox 140 1599 1153 1688; baseline 0 -22"><span class='ocrx_word' id='word_1_83' title='bbox 140 1601 245 1666; x_wconf 87' lang='lat' dir='ltr'><strong>debat</strong></span> <span class='ocrx_word' id='word_1_84' title='bbox 269 1599 449 1666; x_wconf 88' lang='lat' dir='ltr'><strong>Antonius.</strong></span> <span class='ocrx_word' id='word_1_85' title='bbox 494 1599 553 1665; x_wconf 89' lang='lat' dir='ltr'><strong>Ius</strong></span> <span class='ocrx_word' id='word_1_86' title='bbox 575 1599 710 1667; x_wconf 80' lang='lat' dir='ltr'><strong>Crassus</strong></span> <span class='ocrx_word' id='word_1_87' title='bbox 731 1600 903 1688; x_wconf 89' lang='lat' dir='ltr'><strong>urguebat,</strong></span> <span class='ocrx_word' id='word_1_88' title='bbox 931 1601 1052 1688; x_wconf 90' lang='lat' dir='ltr'><strong>“quod</strong></span> <span class='ocrx_word' id='word_1_89' title='bbox 1076 1601 1153 1666; x_wconf 87' lang='lat' dir='ltr'><strong>vitii</strong></span> 
     </span>
     <span class='ocr_line' id='line_1_13' title="bbox 140 1691 1151 1790; baseline -0.003 -20"><span class='ocrx_word' id='word_1_90' title='bbox 140 1703 300 1770; x_wconf 87' lang='lat' dir='ltr'><strong>venditor</strong></span> <span class='ocrx_word' id='word_1_91' title='bbox 325 1714 392 1770; x_wconf 89' lang='lat' dir='ltr'><strong>non</strong></span> <span class='ocrx_word' id='word_1_92' title='bbox 418 1703 555 1769; x_wconf 87' lang='lat' dir='ltr'><strong>dixisset</strong></span> <span class='ocrx_word' id='word_1_93' title='bbox 581 1691 695 1786; x_wconf 79' lang='lat' dir='ltr'><strong>sciens,</strong></span> <span class='ocrx_word' id='word_1_94' title='bbox 715 1691 757 1768; x_wconf 90' lang='lat' dir='ltr'><strong>id</strong></span> <span class='ocrx_word' id='word_1_95' title='bbox 783 1718 936 1790; x_wconf 80' lang='lat' dir='ltr'><strong>oportere</strong></span> <span class='ocrx_word' id='word_1_96' title='bbox 964 1703 1151 1790; x_wconf 82' lang='lat' dir='ltr'><strong>praestari‚‘²</strong></span> 
     </span>
     <span class='ocr_line' id='line_1_14' title="bbox 140 1805 1153 1894; baseline -0.002 -21"><span class='ocrx_word' id='word_1_97' title='bbox 140 1807 345 1894; x_wconf 86' lang='lat' dir='ltr'><strong>aequitatem</strong></span> <span class='ocrx_word' id='word_1_98' title='bbox 371 1805 550 1886; x_wconf 87' lang='lat' dir='ltr'><strong>Antonius,</strong></span> <span class='ocrx_word' id='word_1_99' title='bbox 574 1807 762 1892; x_wconf 79' lang='lat' dir='ltr'><strong>“quoniam</strong></span> <span class='ocrx_word' id='word_1_100' title='bbox 787 1805 824 1870; x_wconf 91' lang='lat' dir='ltr'><strong>id</strong></span> <span class='ocrx_word' id='word_1_101' title='bbox 853 1805 972 1872; x_wconf 90' lang='lat' dir='ltr'><strong>vitium</strong></span> <span class='ocrx_word' id='word_1_102' title='bbox 989 1805 1153 1892; x_wconf 63' lang='lat' dir='ltr'><strong>²ignotum</strong></span> 
     </span>
     <span class='ocr_line' id='line_1_15' title="bbox 143 1907 1153 1996; baseline -0.002 -20"><span class='ocrx_word' id='word_1_103' title='bbox 143 1909 262 1996; x_wconf 83' lang='lat' dir='ltr'><strong>Sergio</strong></span> <span class='ocrx_word' id='word_1_104' title='bbox 288 1930 355 1974; x_wconf 87' lang='lat' dir='ltr'><strong>non</strong></span> <span class='ocrx_word' id='word_1_105' title='bbox 381 1907 510 1992; x_wconf 79' lang='lat' dir='ltr'><strong>fuisset,</strong></span> <span class='ocrx_word' id='word_1_106' title='bbox 533 1909 592 1996; x_wconf 86' lang='lat' dir='ltr'><strong>qui</strong></span> <span class='ocrx_word' id='word_1_107' title='bbox 617 1908 691 1974; x_wconf 89' lang='lat' dir='ltr'><strong>illas</strong></span> <span class='ocrx_word' id='word_1_108' title='bbox 716 1907 813 1974; x_wconf 87' lang='lat' dir='ltr'><strong>aedes</strong></span> <span class='ocrx_word' id='word_1_109' title='bbox 835 1908 1044 1993; x_wconf 89' lang='lat' dir='ltr'><strong>vendidisset,</strong></span> <span class='ocrx_word' id='word_1_110' title='bbox 1067 1908 1153 1974; x_wconf 89' lang='lat' dir='ltr'><strong>nihil</strong></span> 
     </span>
     <span class='ocr_line' id='line_1_16' title="bbox 104 2010 1151 2098; baseline 0.003 -24"><span class='ocrx_word' id='word_1_111' title='bbox 104 2011 248 2076; x_wconf 74' lang='lat' dir='ltr'><strong>misisse</strong></span> <span class='ocrx_word' id='word_1_112' title='bbox 263 2022 412 2076; x_wconf 83' lang='lat' dir='ltr'><strong>necesse·</strong></span> <span class='ocrx_word' id='word_1_113' title='bbox 429 2010 505 2094; x_wconf 90' lang='lat' dir='ltr'><strong>dici,</strong></span> <span class='ocrx_word' id='word_1_114' title='bbox 528 2033 589 2077; x_wconf 90' lang='lat' dir='ltr'><strong>neo</strong></span> <span class='ocrx_word' id='word_1_115' title='bbox 614 2033 691 2076; x_wconf 89' lang='lat' dir='ltr'><strong>eum</strong></span> <span class='ocrx_word' id='word_1_116' title='bbox 713 2033 783 2077; x_wconf 88' lang='lat' dir='ltr'><strong>esse</strong></span> <span class='ocrx_word' id='word_1_117' title='bbox 805 2010 999 2098; x_wconf 89' lang='lat' dir='ltr'><strong>deceptum,</strong></span> <span class='ocrx_word' id='word_1_118' title='bbox 1015 2011 1083 2098; x_wconf 89' lang='lat' dir='ltr'><strong>qui,</strong></span> <span class='ocrx_word' id='word_1_119' title='bbox 1105 2011 1151 2096; x_wconf 95' lang='lat' dir='ltr'><strong>id,</strong></span> 
     </span>
     <span class='ocr_line' id='line_1_17' title="bbox 143 2107 1200 2200; baseline -0.003 -22"><span class='ocrx_word' id='word_1_120' title='bbox 143 2107 236 2200; x_wconf 89' lang='lat' dir='ltr'><strong>quod</strong></span> <span class='ocrx_word' id='word_1_121' title='bbox 250 2121 384 2196; x_wconf 87' lang='lat' dir='ltr'><strong>emerat,</strong></span> <span class='ocrx_word' id='word_1_122' title='bbox 400 2124 469 2200; x_wconf 83' lang='lat' dir='ltr'><strong>qno</strong></span> <span class='ocrx_word' id='word_1_123' title='bbox 481 2113 554 2179; x_wconf 88' lang='lat' dir='ltr'><strong>inre</strong></span> <span class='ocrx_word' id='word_1_124' title='bbox 571 2121 665 2196; x_wconf 87' lang='lat' dir='ltr'><strong>esset,</strong></span> <span class='ocrx_word' id='word_1_125' title='bbox 681 2113 840 2180; x_wconf 87' lang='lat' dir='ltr'><strong>teneret.&#39;&#39;</strong></span> <span class='ocrx_word' id='word_1_126' title='bbox 885 2113 1032 2192; x_wconf 82' lang='lat' dir='ltr'><strong>Quorsus</strong></span> <span class='ocrx_word' id='word_1_127' title='bbox 1049 2114 1129 2181; x_wconf 88' lang='lat' dir='ltr'><strong>haec</strong></span> <span class='ocrx_word' id='word_1_128' title='bbox 1139 2113 1151 2181; x_wconf 90' lang='lat' dir='ltr'><strong>l</strong></span> <span class='ocrx_word' id='word_1_129' title='bbox 1161 2121 1200 2176; x_wconf 84' lang='lat'><strong>68</strong></span> 
     </span>
     <span class='ocr_line' id='line_1_18' title="bbox 142 2215 1152 2304; baseline 0 -21"><span class='ocrx_word' id='word_1_130' title='bbox 142 2217 196 2283; x_wconf 87' lang='lat' dir='ltr'><strong>Ut</strong></span> <span class='ocrx_word' id='word_1_131' title='bbox 221 2217 304 2282; x_wconf 87' lang='lat' dir='ltr'><strong>illud</strong></span> <span class='ocrx_word' id='word_1_132' title='bbox 332 2215 515 2304; x_wconf 84' lang='lat' dir='ltr'><strong>intellegas,</strong></span> <span class='ocrx_word' id='word_1_133' title='bbox 541 2238 608 2284; x_wconf 89' lang='lat' dir='ltr'><strong>uon</strong></span> <span class='ocrx_word' id='word_1_134' title='bbox 637 2215 798 2304; x_wconf 88' lang='lat' dir='ltr'><strong>placuisse</strong></span> <span class='ocrx_word' id='word_1_135' title='bbox 825 2216 1004 2284; x_wconf 87' lang='lat' dir='ltr'><strong>maioribus</strong></span> <span class='ocrx_word' id='word_1_136' title='bbox 1032 2217 1152 2284; x_wconf 89' lang='lat' dir='ltr'><strong>nostris</strong></span> 
     </span>
     <span class='ocr_line' id='line_1_19' title="bbox 144 2327 1149 2414; baseline 0 -30"><span class='ocrx_word' id='word_1_137' title='bbox 144 2327 280 2384; x_wconf 87' lang='lat' dir='ltr'><strong>astutos.</strong></span> <span class='ocrx_word' id='word_1_138' title='bbox 529 2407 531 2414; x_wconf 18' lang='lat' dir='ltr'>y</span> <span class='ocrx_word' id='word_1_139' title='bbox 1147 2351 1149 2354; x_wconf 95' lang='lat'>·</span> 
     </span>
     <span class='ocr_line' id='line_1_20' title="bbox 190 2423 1198 2512; baseline 0 -21"><span class='ocrx_word' id='word_1_140' title='bbox 190 2425 256 2491; x_wconf 86' lang='lat' dir='ltr'><strong>Sed</strong></span> <span class='ocrx_word' id='word_1_141' title='bbox 282 2425 378 2490; x_wconf 88' lang='lat' dir='ltr'><strong>aliter</strong></span> <span class='ocrx_word' id='word_1_142' title='bbox 401 2425 501 2512; x_wconf 86' lang='lat' dir='ltr'><strong>leges,</strong></span> <span class='ocrx_word' id='word_1_143' title='bbox 524 2423 621 2489; x_wconf 88' lang='lat' dir='ltr'><strong>aliter</strong></span> <span class='ocrx_word' id='word_1_144' title='bbox 644 2423 835 2511; x_wconf 85' lang='lat' dir='ltr'><strong>philosophi</strong></span> <span class='ocrx_word' id='word_1_145' title='bbox 860 2423 983 2490; x_wconf 90' lang='lat' dir='ltr'><strong>tollunt</strong></span> <span class='ocrx_word' id='word_1_146' title='bbox 1005 2425 1198 2505; x_wconf 78' lang='lat' dir='ltr'><strong>astutias,1&#39;1</strong></span> 
     </span>
     <span class='ocr_line' id='line_1_21' title="bbox 109 2525 1152 2615; baseline 0.006 -29"><span class='ocrx_word' id='word_1_147' title='bbox 109 2528 247 2614; x_wconf 80' lang='lat' dir='ltr'><strong>seleges,</strong></span> <span class='ocrx_word' id='word_1_148' title='bbox 266 2535 429 2614; x_wconf 88' lang='lat' dir='ltr'><strong>qnatenus</strong></span> <span class='ocrx_word' id='word_1_149' title='bbox 446 2547 547 2591; x_wconf 90' lang='lat' dir='ltr'><strong>manu</strong></span> <span class='ocrx_word' id='word_1_150' title='bbox 565 2534 677 2592; x_wconf 88' lang='lat' dir='ltr'><strong>tenere</strong></span> <span class='ocrx_word' id='word_1_151' title='bbox 698 2533 845 2614; x_wconf 88' lang='lat' dir='ltr'><strong>possunt,</strong></span> <span class='ocrx_word' id='word_1_152' title='bbox 863 2525 1061 2614; x_wconf 90' lang='lat' dir='ltr'><strong>philosophi,</strong></span> <span class='ocrx_word' id='word_1_153' title='bbox 1076 2549 1152 2615; x_wconf 86' lang='lat' dir='ltr'><strong>qua-</strong></span> 
     </span>
     <span class='ocr_line' id='line_1_22' title="bbox 145 2627 1151 2722; baseline 0 -28"><span class='ocrx_word' id='word_1_154' title='bbox 145 2639 243 2694; x_wconf 88' lang='lat' dir='ltr'><strong>tenus</strong></span> <span class='ocrx_word' id='word_1_155' title='bbox 257 2631 385 2695; x_wconf 85' lang='lat' dir='ltr'><strong>ratione</strong></span> <span class='ocrx_word' id='word_1_156' title='bbox 399 2637 434 2694; x_wconf 87' lang='lat' dir='ltr'><strong>et</strong></span> <span class='ocrx_word' id='word_1_157' title='bbox 447 2627 685 2722; x_wconf 84' lang='lat' dir='ltr'><strong>intellegentia.</strong></span> <span class='ocrx_word' id='word_1_158' title='bbox 718 2627 819 2694; x_wconf 87' lang='lat' dir='ltr'><strong>Ratio</strong></span> <span class='ocrx_word' id='word_1_159' title='bbox 830 2649 909 2715; x_wconf 88' lang='lat' dir='ltr'><strong>ergo</strong></span> <span class='ocrx_word' id='word_1_160' title='bbox 920 2627 983 2694; x_wconf 89' lang='lat' dir='ltr'><strong>hoc</strong></span> <span class='ocrx_word' id='word_1_161' title='bbox 997 2629 1151 2715; x_wconf 88' lang='lat' dir='ltr'><strong>postulat,</strong></span> 
     </span>
     <span class='ocr_line' id='line_1_23' title="bbox 146 2729 1150 2818; baseline 0 -22"><span class='ocrx_word' id='word_1_162' title='bbox 146 2754 189 2797; x_wconf 88' lang='lat' dir='ltr'><strong>na</strong></span> <span class='ocrx_word' id='word_1_163' title='bbox 206 2733 288 2818; x_wconf 87' lang='lat' dir='ltr'><strong>quid</strong></span> <span class='ocrx_word' id='word_1_164' title='bbox 303 2731 469 2815; x_wconf 84' lang='lat' dir='ltr'><strong>insidiose,</strong></span> <span class='ocrx_word' id='word_1_165' title='bbox 488 2753 531 2796; x_wconf 89' lang='lat' dir='ltr'><strong>ne</strong></span> <span class='ocrx_word' id='word_1_166' title='bbox 548 2731 629 2817; x_wconf 90' lang='lat' dir='ltr'><strong>quid</strong></span> <span class='ocrx_word' id='word_1_167' title='bbox 644 2730 807 2818; x_wconf 84' lang='lat' dir='ltr'><strong>simulate,</strong></span> <span class='ocrx_word' id='word_1_168' title='bbox 822 2751 865 2796; x_wconf 89' lang='lat' dir='ltr'><strong>ne</strong></span> <span class='ocrx_word' id='word_1_169' title='bbox 883 2731 964 2816; x_wconf 88' lang='lat' dir='ltr'><strong>quid</strong></span> <span class='ocrx_word' id='word_1_170' title='bbox 981 2729 1150 2798; x_wconf 83' lang='lat' dir='ltr'><strong>fallaciter.</strong></span> 
     </span>
     <span class='ocr_line' id='line_1_24' title="bbox 146 2831 1152 2949; baseline 0 -49"><span class='ocrx_word' id='word_1_171' title='bbox 146 2835 233 2900; x_wconf 83' lang='lat' dir='ltr'><strong>Sunt</strong></span> <span class='ocrx_word' id='word_1_172' title='bbox 219 2841 286 2900; x_wconf 86' lang='lat' dir='ltr'><strong>tue</strong></span> <span class='ocrx_word' id='word_1_173' title='bbox 297 2834 360 2932; x_wconf 87' lang='lat' dir='ltr'><strong>igit</strong></span> <span class='ocrx_word' id='word_1_174' title='bbox 363 2856 402 2898; x_wconf 87' lang='lat' dir='ltr'><strong>ur</strong></span> <span class='ocrx_word' id='word_1_175' title='bbox 347 2833 562 2929; x_wconf 85' lang='lat' dir='ltr'><strong>tinsidiae</strong></span> <span class='ocrx_word' id='word_1_176' title='bbox 583 2833 718 2898; x_wconf 88' lang='lat' dir='ltr'><strong>tendere</strong></span> <span class='ocrx_word' id='word_1_177' title='bbox 740 2831 903 2949; x_wconf 86' lang='lat' dir='ltr'><strong>plagas,e</strong></span> <span class='ocrx_word' id='word_1_178' title='bbox 905 2833 1013 2898; x_wconf 89' lang='lat' dir='ltr'><strong>tiamsi</strong></span> <span class='ocrx_word' id='word_1_179' title='bbox 1035 2834 1152 2900; x_wconf 87' lang='lat' dir='ltr'><strong>excita-</strong></span> 
     </span>
     <span class='ocr_line' id='line_1_25' title="bbox 145 2934 1152 3022; baseline -0.002 -20"><span class='ocrx_word' id='word_1_180' title='bbox 145 2943 241 3002; x_wconf 88' lang='lat' dir='ltr'><strong>tnrns</strong></span> <span class='ocrx_word' id='word_1_181' title='bbox 254 2957 322 3001; x_wconf 91' lang='lat' dir='ltr'><strong>non</strong></span> <span class='ocrx_word' id='word_1_182' title='bbox 337 2937 380 3002; x_wconf 91' lang='lat' dir='ltr'><strong>sis</strong></span> <span class='ocrx_word' id='word_1_183' title='bbox 395 2957 455 3002; x_wconf 87' lang='lat' dir='ltr'><strong>nec</strong></span> <span class='ocrx_word' id='word_1_184' title='bbox 466 2934 694 3021; x_wconf 82' lang='lat' dir='ltr'><strong>agitaturnsl</strong></span> <span class='ocrx_word' id='word_1_185' title='bbox 684 2955 774 3022; x_wconf 78' lang='lat' dir='ltr'><strong>ipsae</strong></span> <span class='ocrx_word' id='word_1_186' title='bbox 789 2935 889 3000; x_wconf 88' lang='lat' dir='ltr'><strong>enirn</strong></span> <span class='ocrx_word' id='word_1_187' title='bbox 885 2934 983 3000; x_wconf 68' lang='lat' dir='ltr'><strong>⁴·ferae</strong></span> <span class='ocrx_word' id='word_1_188' title='bbox 998 2935 1115 3002; x_wconf 89' lang='lat' dir='ltr'><strong>nullo</strong></span> <span class='ocrx_word' id='word_1_189' title='bbox 1104 2957 1152 3000; x_wconf 91' lang='grc' dir='ltr'>ιιι-</span> 
     </span>
     <span class='ocr_line' id='line_1_26' title="bbox 111 3019 1152 3126; baseline 0 -21"><span class='ocrx_word' id='word_1_190' title='bbox 111 3048 304 3126; x_wconf 74' lang='lat' dir='ltr'><strong>msequente</strong></span> <span class='ocrx_word' id='word_1_191' title='bbox 323 3061 420 3126; x_wconf 87' lang='lat' dir='ltr'><strong>saepe</strong></span> <span class='ocrx_word' id='word_1_192' title='bbox 437 3038 601 3104; x_wconf 88' lang='lat' dir='ltr'><strong>incidunt.</strong></span> <span class='ocrx_word' id='word_1_193' title='bbox 647 3037 738 3103; x_wconf 82' lang='lat' dir='ltr'><strong>Sict</strong></span> <span class='ocrx_word' id='word_1_194' title='bbox 724 3044 763 3102; x_wconf 88' lang='lat' dir='ltr'><strong>tu</strong></span> <span class='ocrx_word' id='word_1_195' title='bbox 785 3019 882 3102; x_wconf 89' lang='lat' dir='ltr'><strong>aedes</strong></span> <span class='ocrx_word' id='word_1_196' title='bbox 898 3039 1089 3125; x_wconf 83' lang='lat' dir='ltr'><strong>proscribas,</strong></span> <span class='ocrx_word' id='word_1_197' title='bbox 1107 3049 1152 3105; x_wconf 87' lang='lat' dir='ltr'><strong>ta-</strong></span> 
     </span>
     <span class='ocr_line' id='line_1_27' title="bbox 148 3138 1151 3229; baseline 0.001 -23"><span class='ocrx_word' id='word_1_198' title='bbox 148 3141 259 3206; x_wconf 89' lang='lat' dir='ltr'><strong>bulam</strong></span> <span class='ocrx_word' id='word_1_199' title='bbox 276 3149 444 3227; x_wconf 85' lang='lat' dir='ltr'><strong>tamqnam</strong></span> <span class='ocrx_word' id='word_1_200' title='bbox 462 3139 623 3226; x_wconf 88' lang='lat' dir='ltr'><strong>plagam</strong></span> <span class='ocrx_word' id='word_1_201' title='bbox 612 3160 725 3226; x_wconf 90' lang='lat' dir='ltr'><strong>ponas,</strong></span> <span class='ocrx_word' id='word_1_202' title='bbox 747 3139 899 3226; x_wconf 88' lang='lat' dir='ltr'><strong>[domum</strong></span> <span class='ocrx_word' id='word_1_203' title='bbox 917 3147 1053 3229; x_wconf 88' lang='lat' dir='ltr'><strong>propter</strong></span> <span class='ocrx_word' id='word_1_204' title='bbox 1069 3138 1151 3207; x_wconf 90' lang='lat' dir='ltr'><strong>vitia</strong></span> 
     </span>
     <span class='ocr_line' id='line_1_28' title="bbox 148 3242 1198 3333; baseline 0.004 -25"><span class='ocrx_word' id='word_1_205' title='bbox 148 3243 339 3328; x_wconf 82' lang='lat' dir='ltr'><strong>veudss,]1n</strong></span> <span class='ocrx_word' id='word_1_206' title='bbox 352 3263 424 3308; x_wconf 86' lang='lat' dir='ltr'><strong>eam</strong></span> <span class='ocrx_word' id='word_1_207' title='bbox 435 3242 695 3328; x_wconf 76' lang='lat' dir='ltr'><strong>aliquismcurra</strong></span> <span class='ocrx_word' id='word_1_208' title='bbox 696 3242 921 3330; x_wconf 84' lang='lat' dir='ltr'><strong>tinprudensl</strong></span> <span class='ocrx_word' id='word_1_209' title='bbox 953 3243 1150 3333; x_wconf 88' lang='lat' dir='ltr'><strong>Hocquam·</strong></span> <span class='ocrx_word' id='word_1_210' title='bbox 1140 3258 1198 3312; x_wconf 84' lang='lat'><strong>-69</strong></span> 
     </span>
     <span class='ocr_line' id='line_1_29' title="bbox 148 3345 1151 3444; baseline 0.004 -34"><span class='ocrx_word' id='word_1_211' title='bbox 148 3366 245 3433; x_wconf 87' lang='lat' dir='ltr'><strong>qnam</strong></span> <span class='ocrx_word' id='word_1_212' title='bbox 264 3345 362 3444; x_wconf 85' lang='lat' dir='ltr'><strong>video</strong></span> <span class='ocrx_word' id='word_1_213' title='bbox 379 3353 515 3432; x_wconf 90' lang='lat' dir='ltr'><strong>propter</strong></span> <span class='ocrx_word' id='word_1_214' title='bbox 536 3345 705 3438; x_wconf 83' lang='lat' dir='ltr'><strong>depravat</strong></span> <span class='ocrx_word' id='word_1_215' title='bbox 695 3366 807 3411; x_wconf 86' lang='lat' dir='ltr'><strong>mnam</strong></span> <span class='ocrx_word' id='word_1_216' title='bbox 830 3345 1076 3414; x_wconf 87' lang='lat' dir='ltr'><strong>consuetudinis</strong></span> <span class='ocrx_word' id='word_1_217' title='bbox 1097 3370 1151 3414; x_wconf 90' lang='lat' dir='ltr'><strong>ne-</strong></span> 
     </span>
     <span class='ocr_line' id='line_1_30' title="bbox 148 3437 1150 3536; baseline 0.004 -22"><span class='ocrx_word' id='word_1_218' title='bbox 148 3469 211 3536; x_wconf 86' lang='lat' dir='ltr'><strong>qne</strong></span> <span class='ocrx_word' id='word_1_219' title='bbox 226 3437 317 3514; x_wconf 84' lang='lat' dir='ltr'><strong>more</strong></span> <span class='ocrx_word' id='word_1_220' title='bbox 332 3455 430 3534; x_wconf 85' lang='lat' dir='ltr'><strong>turpe</strong></span> <span class='ocrx_word' id='word_1_221' title='bbox 445 3447 559 3513; x_wconf 89' lang='lat' dir='ltr'><strong>haberi</strong></span> <span class='ocrx_word' id='word_1_222' title='bbox 577 3468 686 3534; x_wconf 88' lang='lat' dir='ltr'><strong>neque</strong></span> <span class='ocrx_word' id='word_1_223' title='bbox 703 3454 760 3513; x_wconf 87' lang='lat' dir='ltr'><strong>ant</strong></span> <span class='ocrx_word' id='word_1_224' title='bbox 778 3447 851 3536; x_wconf 88' lang='lat' dir='ltr'><strong>lege</strong></span> <span class='ocrx_word' id='word_1_225' title='bbox 868 3449 987 3515; x_wconf 90' lang='lat' dir='ltr'><strong>sanciri</strong></span> <span class='ocrx_word' id='word_1_226' title='bbox 1004 3451 1089 3516; x_wconf 89' lang='lat' dir='ltr'><strong>aut</strong></span> <span class='ocrx_word' id='word_1_227' title='bbox 1077 3473 1150 3518; x_wconf 84' lang='lat' dir='ltr'><strong>rnre</strong></span> 
     </span>
     <span class='ocr_line' id='line_1_31' title="bbox 113 3549 1150 3639; baseline 0.004 -23"><span class='ocrx_word' id='word_1_228' title='bbox 113 3549 245 3633; x_wconf 82' lang='lat' dir='ltr'><strong>mcivili,</strong></span> <span class='ocrx_word' id='word_1_229' title='bbox 268 3557 381 3616; x_wconf 89' lang='lat' dir='ltr'><strong>tamen</strong></span> <span class='ocrx_word' id='word_1_230' title='bbox 403 3557 540 3616; x_wconf 85' lang='lat' dir='ltr'><strong>naturae</strong></span> <span class='ocrx_word' id='word_1_231' title='bbox 561 3549 635 3639; x_wconf 89' lang='lat' dir='ltr'><strong>lege</strong></span> <span class='ocrx_word' id='word_1_232' title='bbox 657 3557 807 3616; x_wconf 86' lang='lat' dir='ltr'><strong>sanctum</strong></span> <span class='ocrx_word' id='word_1_233' title='bbox 829 3557 888 3616; x_wconf 88' lang='lat' dir='ltr'><strong>est.</strong></span> <span class='ocrx_word' id='word_1_234' title='bbox 933 3551 1046 3618; x_wconf 84' lang='lat' dir='ltr'><strong>Societ</strong></span> <span class='ocrx_word' id='word_1_235' title='bbox 1029 3561 1078 3618; x_wconf 89' lang='lat' dir='ltr'><strong>tas</strong></span> <span class='ocrx_word' id='word_1_236' title='bbox 1101 3562 1150 3620; x_wconf 87' lang='lat' dir='ltr'><strong>est</strong></span> 
     </span>
     <span class='ocr_line' id='line_1_32' title="bbox 147 3651 1150 3746; baseline 0.003 -29"><span class='ocrx_word' id='word_1_237' title='bbox 147 3653 238 3718; x_wconf 90' lang='lat' dir='ltr'><strong>enim</strong></span> <span class='ocrx_word' id='word_1_238' title='bbox 248 3652 351 3740; x_wconf 78' lang='lat' dir='ltr'><strong>(quod</strong></span> <span class='ocrx_word' id='word_1_239' title='bbox 367 3674 384 3718; x_wconf 94' lang='lat' dir='ltr'><strong>e</strong></span> <span class='ocrx_word' id='word_1_240' title='bbox 386 3652 429 3717; x_wconf 88' lang='lat' dir='ltr'><strong>tsi</strong></span> <span class='ocrx_word' id='word_1_241' title='bbox 443 3673 539 3739; x_wconf 88' lang='lat' dir='ltr'><strong>saepe</strong></span> <span class='ocrx_word' id='word_1_242' title='bbox 554 3652 623 3718; x_wconf 83' lang='lat' dir='ltr'><strong>dict</strong></span> <span class='ocrx_word' id='word_1_243' title='bbox 609 3660 682 3718; x_wconf 82' lang='lat' dir='ltr'><strong>turn</strong></span> <span class='ocrx_word' id='word_1_244' title='bbox 699 3659 759 3735; x_wconf 88' lang='lat' dir='ltr'><strong>est,</strong></span> <span class='ocrx_word' id='word_1_245' title='bbox 736 3651 1021 3746; x_wconf 85' lang='lat' dir='ltr'><strong>tdicendumt</strong></span> <span class='ocrx_word' id='word_1_246' title='bbox 971 3662 1029 3720; x_wconf 86' lang='lat' dir='ltr'><strong>est</strong></span> <span class='ocrx_word' id='word_1_247' title='bbox 1038 3661 1150 3722; x_wconf 87' lang='lat' dir='ltr'><strong>tamen</strong></span> 
     </span>
     <span class='ocr_line' id='line_1_33' title="bbox 145 3740 1151 3844; baseline 0 -22"><span class='ocrx_word' id='word_1_248' title='bbox 145 3747 295 3844; x_wconf 83' lang='lat' dir='ltr'><strong>saepius),</strong></span> <span class='ocrx_word' id='word_1_249' title='bbox 318 3742 476 3822; x_wconf 88' lang='lat' dir='ltr'><strong>latissime</strong></span> <span class='ocrx_word' id='word_1_250' title='bbox 497 3754 634 3842; x_wconf 87' lang='lat' dir='ltr'><strong>quidem</strong></span> <span class='ocrx_word' id='word_1_251' title='bbox 656 3775 741 3842; x_wconf 87' lang='lat' dir='ltr'><strong>quae</strong></span> <span class='ocrx_word' id='word_1_252' title='bbox 758 3740 878 3842; x_wconf 88' lang='lat' dir='ltr'><strong>pateat,</strong></span> <span class='ocrx_word' id='word_1_253' title='bbox 893 3756 1043 3822; x_wconf 88' lang='lat' dir='ltr'><strong>omnium</strong></span> <span class='ocrx_word' id='word_1_254' title='bbox 1061 3757 1151 3822; x_wconf 89' lang='lat' dir='ltr'><strong>inter</strong></span> 
     </span>
    </p>
   </div>
   <div class='ocr_carea' id='block_1_3' title="bbox 0 0 1364 4374">
    <p class='ocr_par' dir='ltr' id='par_1_3' title="bbox 0 0 1364 4374">
     <span class='ocr_line' id='line_1_34' title="bbox 0 0 1364 4374; baseline 0 0"><span class='ocrx_word' id='word_1_255' title='bbox 0 0 1364 4374; x_wconf 95' lang='lat' dir='ltr'><strong> </strong></span> 
     </span>
    </p>
   </div>
  </div>
 </body>
</html>
