2710 4374
419 420 488 472 LIB.
507 420 559 473 III.
596 419 675 472 cAP.
695 422 736 485 20,
752 423 793 472 21.
830 418 845 482 5
863 423 953 473 teet.
1130 424 1193 488 153

176 577 254 636 tum
269 567 397 635 utilitas
411 569 483 653 ista,
498 591 583 657 quae
597 570 730 654 dieitur,
746 570 859 658 possit,
874 577 1037 658 quantum
1051 570 1192 656 anferre,

175 675 207 740 si
233 673 316 739 boni
343 672 408 737 viri
433 693 555 739 nomen
581 673 751 760 eripuerit,
769 672 869 739 fidem
892 673 1120 761 iustitiamque
1141 675 1194 741 de-

176 778 343 844 traxeritl
387 777 478 856 Quid
502 778 593 844 enim
619 780 767 861 interest,
792 787 905 844 utrum
930 800 973 845 ex
998 778 1133 847 homine
1159 802 1194 847 so

178 889 354 949 convertat
368 881 443 966 quis
460 881 496 946 in
510 880 642 947 beluam
664 904 705 946 an
728 880 873 947 hominis
894 880 1001 969 figura
1022 882 1194 949 inmanitu

154 994 252 1051 stem
266 992 363 1071 gerat
377 984 515 1051 belusel

228 1087 342 1165 eridl
363 1086 422 1173 qui
443 1085 555 1152 omnia
577 1092 667 1152 reeta
688 1092 723 1152 et
740 1084 878 1154 honesta
895 1085 1088 1174 neglegunt,
1110 1088 1239 1159 dum21

182 1189 284 1257 modo
309 1187 494 1275 potentiam
520 1195 772 1275 consequantur,
799 1210 912 1255 nonne
936 1188 1026 1254 idem
1054 1190 1193 1275 faciunt,

182 1289 274 1378 quod
292 1290 330 1373 is,
349 1290 407 1378 qni
429 1289 529 1356 etiam
551 1310 700 1356 socerum
724 1289 844 1357 habere
866 1289 974 1357 voluit
996 1294 1195 1375 eumenius

182 1393 256 1482 ipse
280 1393 417 1459 audacia
442 1399 560 1479 potens
583 1392 690 1458 essetl
733 1392 828 1459 Utile
852 1392 884 1460 ei
903 1392 1079 1459 videbatur
1095 1395 1195 1484 pluri-

144 1516 175 1559 ro
186 1517 278 1562 mum
294 1516 388 1582 posse
402 1493 537 1560 alterius
552 1493 696 1576 iuvidia;
717 1493 754 1559 id
775 1515 877 1581 quam
898 1487 1061 1559 iniustum
1083 1495 1119 1560 in
1142 1518 1194 1582 pa·

183 1597 284 1664 triam
302 1607 337 1664 et
353 1617 453 1684 quam
472 1604 570 1684 turpe
591 1603 687 1678 esset,
703 1617 769 1662 non
796 1585 939 1662 videbat.
984 1595 1062 1682 lpse
1084 1605 1195 1663 autem

183 1721 276 1768 socer
290 1700 325 1765 in
341 1721 397 1766 ore
411 1721 542 1786 semper
554 1697 698 1764 Graecos
714 1719 826 1764 versus
840 1698 884 1764 de
894 1697 1086 1765 Phoenissis
1100 1699 1195 1766 habe-

170 1804 251 1887 Διιι,
270 1824 352 1890 quos
369 1802 487 1882 dicam,
503 1809 541 1867 ut
557 1809 682 1889 potero,
705 1801 875 1868 incondite
896 1801 1047 1885 fortasse,
1069 1803 1128 1868 sed
1151 1810 1195 1868 tn

184 1927 273 1988 men,
288 1912 327 1970 ut
341 1926 392 1970 res
407 1904 510 1992 possit
525 1903 694 1991 intellegi:

147 2034 178 2078 ιιι
357 2025 432 2079 Nem
444 2025 470 2077 si
482 2023 647 2078 violandum
659 2027 702 2078 est
714 2023 767 2094 ius,
779 2025 918 2096 regnandi
931 2025 1023 2098 gretie

357 2103 531 2167 Violendum¹
543 2117 601 2180 sst3
615 2111 678 2166 aliis
688 2112 771 2166 rebus
782 2112 917 2184 pietatem
929 2116 1012 2171 colos.

184 2215 345 2304 Capitalis
361 2213 526 2300 [Eteocles
542 2214 595 2281 vel
610 2201 722 2303 potius¹
737 2215 940 2304 Euripides],
952 2221 1011 2307 qui
1026 2219 1058 2285 id
1075 2243 1191 2303 unum,

183 2319 274 2408 quod
289 2319 440 2385 omnium
455 2317 741 2384 sceleratissimum
755 2318 869 2404 fuerit,
884 2325 1070 2409 exceperitl
1102 2323 1192 2401 Quid
1203 2334 1241 2388 83

183 2423 289 2510 igitur
305 2421 435 2488 minute
452 2420 648 2507 colligimus,
665 2420 872 2507 hereditates,
891 2433 1097 2508 mercaturas,
1117 2448 1193 2491 ren-

149 2526 328 2592 mditiones
342 2522 593 2589 fraudulentasl
607 2545 683 2590 ecoe
697 2525 769 2607 tibi,
781 2525 840 2611 qui
853 2547 909 2590 rex
920 2527 1035 2612 populi
1048 2526 1193 2592 Romani

184 2627 406 2713 dominusque
419 2625 569 2692 omnium
587 2625 740 2712 gentium
758 2647 828 2690 esse
847 2627 1075 2712 concupiverit
1092 2627 1194 2713 idque

184 2728 382 2817 perfecerit!
426 2727 525 2794 Hane
546 2728 762 2815 cupiditatem
785 2728 813 2792 si
836 2726 1007 2792 honestam
1029 2729 1104 2813 quis
1125 2751 1194 2794 esse

184 2832 276 2916 dicit,
287 2835 400 2897 emens
415 2839 482 2914 est3
497 2831 615 2918 probat
625 2831 716 2897 enim
731 2829 843 2916 legum
858 2837 893 2894 et
908 2829 1069 2895 libertatis
1083 2831 1194 2896 interi·

185 2942 258 2999 tum
280 2954 460 3020 earumque
482 2933 728 3020 oppressionem
751 2939 888 2997 taetrum
908 2938 943 2997 et
965 2930 1194 2999 detestabilem

150 3035 361 3123 wgloriossm
375 3043 480 3123 putat.
515 3033 582 3114 Qui
597 3042 709 3101 nutem
721 3033 847 3100 fatetur
857 3033 1035 3101 honestum
1047 3057 1113 3101 non
1126 3057 1195 3103 esse

185 3139 221 3204 in
236 3160 274 3204 ea
288 3128 432 3221 civitate,
448 3158 532 3225 quae
549 3137 653 3204 libera
675 3136 780 3202 fuerit
802 3158 953 3224 quaeque
975 3136 1052 3204 esse
1066 3138 1194 3223 debeat,

185 3262 333 3328 regnare,
348 3239 406 3308 sed
421 3241 462 3324 ei,
474 3239 533 3328 qui
545 3239 580 3306 id
595 3239 705 3306 faeere
719 3239 832 3327 possit,
842 3261 912 3306 esse
927 3239 1018 3324 utile,
1030 3263 1095 3328 qua
1107 3241 1196 3309 hune

185 3343 415 3430 obiurgatione
441 3351 499 3409 eut
521 3364 587 3429 qno
610 3343 721 3430 potius
743 3342 894 3410 convicio
917 3363 937 3407 a
965 3351 1060 3410 tanto
1085 3366 1195 3412 errore

185 3465 286 3511 coner
299 3444 462 3511 avelleret
505 3443 622 3511 Potest
636 3445 735 3527 enim,
747 3445 781 3510 di
797 3444 1017 3512 immortales!
1040 3447 1195 3534 cuiquam

150 3568 255 3612 coesse
270 3547 353 3613 utile
367 3546 597 3614 foedissimum
612 3554 647 3614 et
664 3547 891 3613 taeterrimum
909 3547 1123 3635 parricidium
1142 3571 1194 3636 pa-

185 3649 278 3732 triae,
297 3647 448 3736 quamvis
464 3648 502 3732 is,
521 3649 580 3737 qui
603 3669 639 3716 se
663 3670 704 3716 eo
727 3648 950 3732 obstrinxerit,
966 3650 1007 3716 ab
1031 3651 1195 3738 oppressis

184 3751 313 3818 civibus
328 3771 447 3838 parens
462 3751 670 3818 nomineturl
684 3750 886 3909 7{lonestote
897 3751 1000 3838 igitur
1010 3752 1195 3836 ‘derigenda
