2710 4374
408 403 478 453 LIB.
498 402 534 453 11.
571 401 650 454 CAP.
671 405 711 466 18,
730 405 768 456 19.
806 402 821 464 ξ
838 406 928 456 (ib-68.
1112 407 1175 470 105

158 549 380 616 vehementer
402 559 435 616 et
457 553 499 617 ad
522 573 601 640 opes
629 553 795 639 augendas
808 555 964 640 ,pertinet
986 562 1020 620 et
1042 555 1083 620 ad
1104 566 1175 644 gra·

159 653 255 718 tiam.
277 653 412 739 'Itaque
427 676 503 719 cnm
519 655 624 720 multa
636 655 800 742 praeclara
816 657 987 739 maiorum,
1000 666 1071 723 tum
1084 661 1174 746 quod

158 756 291 845 optime
304 757 478 822 constituti
493 757 574 822 iuris
589 757 695 822 civilis
711 779 840 824 summo
854 780 984 846 semper
999 761 1034 826 in
1049 761 1174 830 honore

159 857 231 924 fuit
252 859 400 946 cognitio
423 867 522 946 atque
545 861 794 947 interpretatio;
816 882 915 947 quam
939 863 1073 949 quidem
1096 875 1173 934 ante

133 960 248 1026 abano
270 961 500 1027 confusionem
517 970 705 1049 temporum
728 963 763 1027 in
786 964 1067 1049 possessionesua
1085 970 1172 1055 prin·

159 1065 252 1151 cipes
273 1065 492 1147 retinuerunt,
515 1087 615 1148 nunc,
634 1074 672 1130 nt
694 1064 844 1149 honores,
869 1075 907 1132 ut
929 1089 1044 1135 omnes
1065 1071 1171 1158 digni-

159 1168 240 1232 tatis
263 1167 393 1254 gradus,
416 1168 463 1232 sic
485 1167 585 1234 huius
607 1167 762 1262 scientiae
784 1169 940 1255 splendor
961 1172 1088 1240 deletus
1110 1183 1169 1258 est,

157 1269 262 1356 idque
277 1293 316 1336 eo
331 1270 511 1356 indignius,
527 1271 616 1357 quod
629 1292 667 1336 eo
683 1280 832 1358 tempore
850 1271 912 1340 boc
927 1277 1077 1363 contigit,
1093 1299 1169 1344 cum

158 1373 187 1437 is
203 1380 297 1456 esset,
313 1374 371 1459 qui
386 1395 500 1438 omnes
516 1374 710 1461 superiores,
723 1374 844 1460 quibus
859 1375 983 1443 honore
1001 1389 1168 1464 peremat,

118 1475 296 1540 inscientia
310 1475 409 1540 facile
429 1475 568 1542 vicisset.
586 1475 696 1541 -Haec
714 1477 934 1564 igituropera
948 1487 1042 1565 grata
1057 1482 1169 1547 multis

157 1585 194 1642 et
217 1577 257 1643 ad
281 1577 448 1644 beneficiis
466 1579 892 1666 obstringendoslromines
913 1584 1167 1652 accommodata.

157 1681 277 1766 Atque
291 1679 369 1747 huic
384 1681 447 1746 arti
462 1680 616 1746 finituma
631 1690 680 1748 est
693 1683 827 1748 dicendi
841 1682 981 1751 facultas
996 1693 1030 1750 et
1044 1689 1216 1772 gratiordt

157 1793 193 1848 et
216 1784 392 1852 ornatior?
416 1783 506 1862 Quid
532 1786 622 1850 enim
648 1785 836 1873 eloquentia
866 1789 1093 1873 praestabilius
1114 1791 1168 1856 vel

81 1886 87 1890 ’
157 1884 376 1952 admiratione
388 1887 596 1953 audientium
608 1888 661 1954 vol
673 1910 730 1976 spe
742 1889 963 1976 indigentium
978 1891 1029 1958 vel
1042 1877 1166 1978 eorum,

117 1987 218 2074 1squi
230 1987 358 2054 defensi
374 1999 461 2073 sunt,
480 1991 607 2076 gratial
651 1991 742 2058 Huic
764 2014 842 2079 ergo
860 2015 879 2058 a
897 1995 1074 2086 maioribus
1096 2019 1167 2064 nos·

157 2092 220 2156 tris
240 2100 290 2158 est
311 2093 345 2157 in
369 2101 447 2180 toga
470 2094 642 2180 dignitatis
664 2095 867 2182 principatus
889 2097 993 2163 datus.
1039 2099 1166 2168 Diserti

156 2195 263 2282 igitur
284 2195 428 2262 hominis
445 2204 479 2263 et
501 2197 599 2264 facile
621 2197 808 2281 laborantis,
827 2199 980 2286 quodque
998 2202 1033 2266 in
1052 2203 1166 2289 patriis

156 2305 208 2362 est
231 2299 387 2381 moribus,
403 2299 583 2365 multorum
607 2321 717 2366 causas
739 2307 773 2366 et
795 2323 860 2367 nou
884 2312 1018 2388 gravate
1040 2313 1074 2370 et
1095 2327 1165 2391 gra·

155 2399 245 2465 tuito
267 2400 478 2466 defendentis
500 2400 659 2468 beneficia
682 2410 715 2468 et
741 2404 922 2489 patrocinia
948 2405 1013 2472 late
1040 2414 1163 2492 patent.

117 2525 147 2566 ao
157 2501 372 2569 Admonebat
387 2525 440 2570 me
455 2525 516 2588 res,
528 2513 567 2570 ut
582 2505 645 2571 hoc
660 2527 792 2592 quoque
806 2505 877 2572 loco
889 2507 1165 2578 intermissionem
1175 2517 1212 2576 67

155 2604 375 2692 eloquentiae,
391 2628 433 2672 ne
455 2607 563 2674 dicam
586 2609 770 2689 interitum,
789 2607 1004 2694 deplorarem,
1019 2611 1055 2673 ni
1078 2631 1166 2674 vere·

154 2730 220 2790 rer,
236 2731 278 2774 ne
295 2709 338 2775 de
355 2732 408 2776 rne
426 2710 498 2797 ipso
513 2711 639 2798 aliquid
663 2711 793 2775 viderer
815 2710 919 2796 queri.
965 2710 1031 2775 Sed
1052 2717 1163 2778 tamen

155 2811 319 2894 videmus,
339 2813 458 2899 quibus
475 2815 647 2879 'exstinctis
670 2813 853 2878 oratoribus
875 2832 974 2898 quam
995 2813 1029 2880 in
1053 2815 1165 2898 paucis

155 2935 240 3000 spes,
253 2924 377 3001 quanto
392 2915 426 2979 in
443 2916 651 3002 paucioribus
665 2915 814 2998 facultas,
827 2935 928 3002 quam
942 2915 978 2979 in
994 2915 1107 2982 multis
1121 2917 1164 2984 sit

118 3016 300 3082 mendacia.
346 3017 431 3084 Ourn
455 3028 566 3084 antem
596 3039 711 3084 ornnes
741 3040 807 3084 non
839 3018 975 3106 possint,
999 3041 1041 3086 ne
1065 3021 1163 3088 multi

154 3105 301 3205 quidem,
325 3105 606 3208 autinrisperiti
628 3129 777 3186 essesut
802 3121 926 3205 diserti,
949 3122 1026 3189 licet
1052 3131 1162 3190 tamen

154 3243 255 3308 opera
269 3223 423 3309 prodesse
439 3223 552 3316 multis
567 3223 725 3290 beneficia
740 3231 919 3310 petentem,
935 3227 1163 3293 commendari·
1179 3257 1180 3260 ¹

153 3333 223 3394 tem
249 3325 423 3409 iudicibus,
442 3327 697 3413 magistratibus,
716 3327 910 3414 vigilantem
937 3351 997 3416 pro
1023 3352 1059 3396 re
1085 3331 1162 3397 alte-

152 3428 231 3509 rius,
251 3415 307 3494 eos
321 3429 419 3515 ipsos,
438 3429 496 3515 qui
514 3436 571 3492 aut
583 3428 807 3494 'consuluntur
824 3437 881 3494 aut
898 3430 1093 3515 defenduut,
1113 3455 1161 3497 ro-

115 3539 306 3617 rogantem3
329 3531 419 3616 quod
445 3532 502 3617 qui
533 3531 671 3614 faciunt,
695 3531 873 3618 plurimum
897 3535 1022 3618 gratiae
1052 3557 1160 3601 conse·

151 3640 312 3718 quantur,
336 3632 560 3719 latissimeque
585 3655 700 3699 eorum
727 3643 839 3700 manat
864 3634 1035 3701 industria.
1085 3637 1156 3702 Iam
1169 3653 1206 3707 68

149 3735 235 3802 illud
254 3756 321 3801 non
341 3743 419 3802 sunt
440 3736 641 3803 admonendi
652 3735 726 3890 5(pst
748 3737 837 3806 enim
860 3736 895 3800 in
918 3740 1097 3825 promptu),
1121 3747 1158 3806 nt
