2710 4374
467 391 536 442 ΠΒ.
556 391 607 442 111.
644 391 723 443 CAP.
743 389 783 442 6.”
803 390 819 452 ’ἓ
836 393 927 443 26-32.
1141 393 1205 457 133

187 539 565 625 crudelemtyrannum
588 547 622 604 et
645 539 823 624 inmanem,
848 541 901 606 vir
926 541 1043 623 bonus,
1067 562 1111 606 ne
1133 541 1205 628 ipse'

188 643 318 729 frigore
333 639 537 727 conficiatur,
551 644 674 709 vestitu
685 643 825 731 spoliare
835 643 947 732 possit,
961 666 1071 711 norme
1081 645 1203 711 saciati

188 745 287 810 Haec
302 745 345 811 ad
362 745 579 812 iudicandum
594 755 672 812 sunt
687 746 855 812 facillima.
900 746 1000 830 Nam,
1019 747 1143 834 siquid
1161 749 1202 814 ab
1213 761 1250 814 30

188 846 328 912 homine
354 849 396 913 ad
422 848 549 913 nullam
576 857 704 936 partem
728 848 804 914 utili
826 848 979 914 utilitatis
1004 857 1081 914 tuae
1107 871 1203 915 causa
1249 909 1252 913 .

163 951 384 1034 sdatraxeris,
400 951 581 1020 inhumane
596 951 714 1018 feceris
730 951 910 1037 contraque
925 958 1061 1018 naturae
1073 951 1202 1038 legem3

189 1055 243 1118 sin
259 1061 369 1119 antem
389 1054 468 1119 istu
487 1053 542 1136 sie,
559 1054 617 1140 qni
633 1054 774 1120 multam
792 1055 971 1120 utilitatem
986 1055 1034 1120 rei
1050 1055 1202 1142 publicae

189 1164 290 1242 atque
308 1155 484 1222 hominnm
502 1156 659 1239 societati,
676 1157 703 1222 si
726 1157 762 1221 in
784 1157 854 1222 vita
875 1179 1052 1240 remaneas,
1071 1157 1201 1223 adferre

188 1259 305 1344 possis,
324 1258 448 1344 siquid
467 1259 599 1325 obeam
616 1281 744 1325 causam
760 1259 856 1325 alteri
872 1260 1061 1343 detraxeris,
1077 1261 1202 1326 nonsit

190 1360 512 1446 reprehendendum.
558 1361 754 1428 Siu‘autem
779 1362 815 1427 id
840 1383 907 1427 nou
933 1363 976 1426 sit
1002 1363 1072 1426 eius
1099 1362 1201 1443 modi,

150 1481 179 1522 1o
188 1484 289 1527 suum
307 1463 428 1550 cuique
446 1463 889 1530 incommodum'ferendum
905 1471 955 1529 est
973 1464 1201 1550 potiusquam

188 1565 233 1629 de
247 1565 383 1630 alterius
399 1565 584 1632 commodis
598 1565 852 1632 detrahendum.
882 1565 962 1632 Nou
978 1566 1082 1653 igitur
1096 1566 1203 1652 magis

188 1675 240 1732 est
255 1675 370 1733 contra
387 1675 540 1751 naturam
563 1669 698 1735 morbus
719 1677 777 1734 arrt
792 1677 926 1755 egestas
948 1679 1006 1734 aut
1028 1668 1108 1754 quid
1130 1669 1204 1734 eius

190 1769 281 1834 modi
296 1791 397 1855 quam
412 1769 572 1835 detractio
593 1771 693 1858 atque
721 1771 883 1858 appetitio
906 1771 1016 1853 alieni,
1041 1771 1098 1836 sed
1116 1791 1201 1836 com-

188 1871 301 1936 munis
316 1871 470 1937 utilitatis
486 1872 657 1938 derelictio
672 1881 787 1939 contra
801 1883 953 1939 naturam
969 1881 1033 1956 est3
1049 1879 1098 1938 est
1110 1874 1200 1938 enirn

149 1995 179 2036 ιε
189 1974 324 2039 iniusta.
362 1973 481 2061 Itaque
496 1975 551 2040 lex
565 1975 636 2061 ipsa
654 1985 799 2059 naturae,
811 1997 894 2062 quae
905 1976 1084 2042 utilitatem
1096 1975 1199 2042 homi·
1209 1989 1244 2042 31

190 2097 272 2142 uum
299 2085 470 2142 conservat
496 2084 530 2142 et
556 2078 715 2160 continet,
734 2077 891 2144 decernet
914 2079 1074 2166 profecto,
1092 2087 1132 2144 ut
1157 2080 1201 2145 ah

189 2175 325 2244 homine
340 2179 440 2244 inerti
455 2187 555 2265 atque
576 2179 689 2245 inutili
712 2180 752 2246 ad
775 2182 967 2268 sapientem,
983 2182 1118 2264 bouum,
1134 2181 1202 2246 for.-

190 2290 259 2346 tem
276 2281 385 2348 virum
404 2282 646 2346 transferantur
663 2305 714 2348 res
732 2283 771 2348 ad
790 2285 975 2350 vivendum.
990 2285 1197 2366 necessariae,

190 2383 292 2468 quisi
307 2384 633 2466 occideris-multum
650 2385 691 2450 de
706 2388 874 2472 communi
895 2386 1038 2452 utilitate
1053 2386 1201 2451 detraxe.

150 2486 245 2566 aorit,
261 2487 359 2551 modo
378 2485 441 2552 hcc
458 2488 506 2550 ita
523 2486 632 2568 iaciat,
648 2496 686 2552 ut
708 2509 750 2552 ne
768 2489 839 2575 ipse
861 2489 903 2553 de
926 2509 960 2553 so
982 2489 1066 2554 bene
1088 2488 1199 2552 existi-
1240 2530 1242 2534 ψ

189 2609 283 2652 mans
298 2599 432 2674 seseque
448 2588 590 2674 diligens
606 2588 692 2656 hanc
702 2594 833 2656 causam
850 2590 968 2654 habeat
980 2590 1021 2653 ad
1032 2589 1199 2654 iniuriam.

189 2690 244 2756 Ita
254 2713 383 2776 semper
393 2691 501 2758 officio
513 2693 674 2779 iungetur
689 2693 825 2757 utilitati
838 2691 1011 2758 consulens
1025 2690 1206 2772 hominnm.

181 2801 224 2858 'et
254 2795 294 2877 ei,
325 2815 424 2880 qnam
454 2815 551 2881 saepe
583 2816 817 2877 commemoro,
847 2793 1010 2858 humanae
1040 2792 1198 2858 societati.

189 2895 278 2960 Nam
292 2896 380 2982 quod
399 2897 440 2962 ad
456 2895 628 2962 Phalarim
644 2897 774 2980 attinet,
789 2895 947 2983 perfacile
962 2894 1126 2960 iudicium·
1138 2903 1244 2960 esraa

152 2997 292 3066 nanlla
306 3007 356 3065 ost
371 3001 460 3064 enirn
484 3001 622 3066 societas
643 3000 738 3066 nobis
752 3022 834 3080 ⁴cum
854 2999 1018 3086 tyrannis,
1032 3007 1066 3064 et
1087 3000 1198 3086 potius

188 3122 318 3166 summa
328 3102 498 3188 distractio
511 3111 569 3184 est,
583 3123 694 3189 neque
705 3111 755 3168 est
771 3112 884 3170 contra
893 3107 1044 3168 naturam
1057 3103 1198 3189 spoliare

187 3225 276 3285 eum,
295 3204 322 3268 si
346 3206 462 3291 possis,
478 3227 579 3292 quem
601 3213 651 3270 est
677 3204 853 3271 honesturn
875 3227 1000 3287 necare,
1016 3214 1120 3292 atque.
1137 3205 1204 3271 hoc

186 3327 288 3376 ornue
313 3329 422 3393 genus
446 3307 644 3394 pestiferum
668 3315 767 3396 atque
790 3310 931 3396 impium
956 3331 1000 3372 ex
1024 3307 1201 3374 hominum

187 3411 427 3476 communitate
443 3411 732 3476 exterminandum
748 3421 807 3478 cst.
840 3411 984 3493 Etenim,
996 3418 1035 3475 ut
1050 3411 1202 3476 membra.

153 3512 351 3597 squaedam
369 3520 592 3600 amputantur,
608 3514 636 3578 si
648 3522 681 3578 et
699 3514 770 3600 ipsa
788 3515 946 3600 sanguine
970 3521 1003 3578 et
1027 3520 1204 3598 tamqnam

187 3615 306 3701 spiritu
323 3637 432 3681 carere
447 3625 626 3704 coeperunt
642 3623 675 3681 ct
691 3621 810 3683 nocent
823 3616 957 3702 reliquis
969 3617 1116 3701 partibus
1127 3637 1203 3699 cor-j

186 3717 287 3804 poris,
301 3718 357 3784 sic
381 3719 444 3784 ista
466 3721 501 3784 in
523 3718 629 3806 figura
651 3719 795 3786 hominis
816 3719 937 3784 feritas:
954 3726 1008 3782 et„
1021 3717 1207 3782 inmanitas,
