2734 4362
210 397 254 463 66
448 427 453 438 ·
601 397 827 452 1111111111
873 429 878 440 ·
915 433 918 440 »
971 393 980 439 ἰ

210 547 279 614 ficii
303 569 425 636 genere
449 547 586 638 placeat,
604 549 787 636 exquirere.
830 541 940 614 Maior
964 541 1053 612 e'nim
1077 541 1152 632 'pars
1176 545 1219 609 ee

212 651 283 718 fere
308 651 432 718 deferri
445 652 553 738 solet,
572 673 639 740 quo
664 671 684 717 a
708 659 827 718 natura
851 651 924 738 ipsa
940 645 1132 716 deducitur.
1173 645 1220 712 Iu

164 765 166 770 '
211 754 331 840 quibus
343 754 525 822 videndum
539 763 599 839 est,
611 747 679 821 non
694 753 793 822 modo
807 753 889 842 quid
900 753 1044 841 quisque
1053 750 1219 838 loquatur,

211 857 268 922 sed
280 857 379 924 etiam
391 858 473 946 quid
484 857 625 946 quisque
639 857 760 924 sentiat
770 863 870 945 atque
884 851 985 922 etia'm
996 855 1038 921 de
1049 875 1114 942 qua
1124 875 1222 920 causa

211 959 351 1046 quisque
369 959 499 1026 sentiat.
543 959 593 1027 Ut
612 960 701 1026 enim
719 959 862 1047 pictores
880 965 915 1024 et
931 958 967 1042 ii,
982 957 1041 1044 qui
1058 957 1155 1044 signa
1172 955 1222 1022 fa·
1235 973 1254 1016 :e

213 1063 389 1146 mirantur,
406 1071 441 1130 et
458 1085 537 1130 vero
559 1064 659 1130 etiam
681 1070 798 1151 poetae
818 1083 916 1128 suum
937 1056 1079 1148 quisquc
1100 1058 1183 1147 opus
1196 1081 1223 1124 a

215 1164 315 1251 vulgo
338 1165 535 1232 considerari
556 1164 754 1250 11111111
775 1165 856 1253 quid
878 1163 1114 1252 reprehensum
1135 1163 1180 1228 sit
1202 1183 1224 1228 1

214 1265 372 1352 pluribus,
384 1266 419 1332 id
439 1268 630 1356 corrigatur,
642 1267 733 1356 iique
752 1274 786 1333 et
803 1263 914 1333 secum
925 1263 969 1332 'et
984 1266 1027 1331 ab
1043 1265 1127 1347 aliis,
1138 1265 1224 1351 quid

211 1367 248 1432 in
266 1389 306 1433 eo
323 1375 492 1456 peccatum
510 1370 564 1454 sit,
579 1371 769 1458 exquirunt,
784 1369 832 1435 sic
847 1367 988 1434 aliorum
1006 1366 1130 1432 iudicio
1148 1388 1224 1454 per-

213 1467 319 1536 multa
335 1469 430 1536 nobis
446 1477 482 1536 et
495 1469 648 1537 facienda
664 1477 699 1536 et
714 1467 947 1536 nonfacienda
963 1475 998 1532 et
1009 1466 1171 1532 mutanda
1186 1474 1256 1532 etc

145 1583 203 1638 148
213 1571 406 1658 corrigenda
416 1571 504 1640 sunt.
544 1571 639 1650 Quae
650 1593 729 1638 vcro
740 1592 831 1638 more
842 1577 983 1656 agentur
993 1569 1224 1655 institutisque

210 1673 376 1760 civilibus,
388 1674 430 1742 dc
444 1675 487 1741 iis
500 1673 585 1740 nihil
599 1682 648 1740 est
662 1671 951 1762 praecipiendum
973 1671 1030 1737 illa
1045 1671 1135 1737 enim
1150 1672 1224 1757 ipsa

213 1785 388 1865 praecepta
399 1785 489 1861 sunt,
501 1798 565 1844 uec
577 1797 777 1865 quemquam
789 1775 852 1842 hoc
866 1797 975 1842 erroro
986 1775 1064 1840 duci
1079 1775 1222 1862 oportet,

213 1887 262 1962 ut,
273 1880 302 1945 si
319 1879 400 1966 quid
419 1879 568 1946 Socrates
585 1887 644 1946 aut
660 1879 854 1966 Aristippus
870 1885 984 1944 contra
1001 1899 1130 1943 morem
1148 1898 1225 1943 con.-

213 1981 490 2068 suetudinemque
505 1981 636 2048 civilem
648 1980 791 2048 fecerint
804 1979 948 2047 locutive
963 1979 1040 2061 sint,
1052 1979 1143 2045 idem
1158 1979 1259 2044 sibim

213 2082 391 2148 arbitretur
407 2082 525 2166 licere;
546 2084 676 2171 magnis
697 2083 747 2150 illi
768 2091 803 2150 et
819 2083 942 2149 divinis
964 2082 1060 2150 bonis
1080 2081 1167 2148 hanc
1184 2081 1224 2146 li-

213 2184 357 2251 centiam
371 2186 637 2272 assequebantur.
680 2186 882 2274 Cynicorum
898 2207 977 2252 vero
992 2185 1076 2251 ratio
1086 2191 1161 2251 tota
1172 2193 1224 2250 est

213 2285 362 2352 eiciendo
371 2307 381 2369 ;
403 2294 453 2352 est
470 2288 559 2354 euim
579 2289 713 2356 inimica
729 2289 956 2372 verecundiae,
968 2289 1039 2354 1111
1054 2296 1120 2375 qna
1136 2287 1224 2352 nihii

147 2397 342 2458 1491111111
363 2410 433 2456 esse
452 2399 571 2478 potest,
586 2391 671 2457 nihil
688 2392 874 2458 honestum.
917 2391 984 2458 Eos
1006 2401 1128 2474 autem,
1144 2412 1225 2478 que

210 2512 289 2556 rum
303 2491 374 2558 vito
387 2500 557 2580 perspecta
574 2493 609 2558 in
627 2494 725 2560 robus
740 2493 886 2560 honestis
902 2501 1001 2580 atque
1017 2493 1146 2580 magnis
1161 2500 1222 2575 est,
1232 2520 1259 2561 1ο

209 2594 299 2662 bene
316 2593 359 2661 de
375 2617 411 2662 re
428 2595 561 2684 pubiica
577 2596 761 2662 sentientes·
774 2617 812 2662 ac
827 2596 911 2662 beno
928 2595 1064 2662 meritos
1082 2601 1139 2662 aut
1157 2617 1225 2660 me

212 2697 323 2766 rentes
340 2699 386 2766 sic
404 2707 442 2765 ut
459 2698 571 2786 aliquo
588 2698 713 2766 honore
730 2707 788 2765 aut
805 2699 946 2786 imperio
962 2698 1099 2766 affectos
1116 2699 1225 2764 obser-

212 2823 291 2870 vare
308 2809 343 2869 ct
360 2802 467 2870 colere
485 2802 652 2886 debemus,
668 2803 815 2868 tribuere
832 2803 931 2868 etiam
951 2802 1096 2867 muitum
1115 2823 1225 2868 111111-

210 2905 289 2987 tuti,
304 2904 420 2972 cedere
440 2905 492 2987 iis,
507 2905 567 2990 qui
585 2903 814 2991 magistratum
835 2903 1013 2987 habebunt,
1029 2903 1151 2970 habere
1173 2903 1224 2968 di-

213 3005 338 3072 lectum
359 3006 442 3072 civis
463 3015 498 3072 ct
514 3007 681 3094 peregrini
703 3008 738 3072 in
758 3008 898 3094 ipsoque
920 3007 1104 3094 peregrino,
1116 3006 1259 3093 priva-m

213 3107 320 3172 timne
341 3109 383 3172 11
400 3107 534 3194 publice
554 3110 693 3176 venerit.
736 3110 794 3176 Ad
815 3131 988 3192 summam,
1003 3130 1046 3175 ne
1066 3129 1163 3196 agam
1181 3108 1224 3174 dc

211 3207 362 3296 singulis,
378 3230 588 3276 communem
605 3213 708 3280 totius
728 3211 859 3300 generis
877 3210 1050 3278 hominum
1073 3211 1224 3278 concilia·

212 3311 340 3377 tionem
372 3319 406 3376 et
437 3313 713 3381 consociationem
746 3314 864 3398 colere,
887 3314 982 3397 tueri,
1006 3316 1137 3380 servare
1169 3314 1224 3380 de·

213 3413 340 3479 bemus.
1136 3419 1140 3424 ’

146 3478 204 3622 1452,
256 3514 329 3580 Iam
345 3515 387 3582 do
406 3515 552 3584 artificiis
568 3525 602 3584 ct
616 3519 815 3605 quaestibus,
828 3519 886 3608 qui
900 3518 1052 3586 liberales
1066 3518 1221 3602 habendi,
1231 3541 1259 3583 co

208 3617 272 3706 qui
286 3618 409 3685 sordidi
424 3621 501 3704 sint,
512 3619 592 3688 haec
606 3620 678 3688 fere
693 3623 888 3708 accepimus.
932 3619 1084 3686 Primum
1100 3622 1223 3709 impre

209 3721 335 3788 bantur
358 3722 383 3787 ii
409 3731 572 3808 quaestus,
591 3725 650 3812 qui
673 3725 710 3789 in
736 3725 812 3791 odia
834 3723 1008 3790 hominum
1035 3725 1219 3808 incurrunt,
