2710 4374
228 389 271 459 96
619 391 671 442 un
691 372 847 444 ornrcns

228 540 530 630 quemadmodum
542 540 644 626 vivat,
656 541 891 630 inquirituret,
903 550 1078 630 tamqnam
1090 541 1226 608 inclaris·

228 645 311 711 sima
322 643 572 727 luce'vcrsetnr,
584 645 632 711 ita
645 645 776 711 nullum
788 645 964 713 obscurum
975 653 1092 733 potest
1107 665 1165 712 uec
1174 645 1227 711 dic·

180 760 219 816 45
229 737 305 814 tnm'
314 747 386 814 eius
400 767 469 813 esse
484 767 546 813 nec
559 747 697 813 factum.
735 747 887 826 Quorum
902 756 1017 814 autern
1030 748 1141 835 prima
1153 756 1227 813 aetas

227 857 365 938 propter
378 849 600 918 humilitatem
614 858 650 916 et
664 851 897 918 obscuritatem
909 851 944 916 in
957 850 1139 918 hominnm
1150 851 1228 937 igno

227 953 356 1019 ratione
379 960 536 1034 versatur,
551 953 586 1037 ii,
604 951 704 1020 simul
726 975 765 1020 ac
787 953 923 1021 iuvenes
950 975 1024 1020 esso
1049 960 1253 1040 coeperunts
1317 964 1318 979 ¹

228 1075 348 1142 magna
376 1063 522 1143 spectaro
549 1063 584 1123 et
611 1055 653 1122 ad
675 1056 833 1124 carectis
862 1057 981 1123 studiis
1014 1056 1143 1122 debent
1170 1075 1230 1121 con-

228 1158 383 1240 tendere3
409 1157 498 1246 quod
524 1180 564 1226 eo
591 1155 737 1226 firmiore
765 1159 877 1225 animo
905 1159 1046 1242 facient,
1072 1158 1229 1245 quianon

228 1261 329 1326 modo
350 1281 417 1327 non
441 1261 610 1327 inridetur
632 1261 683 1326 illi
705 1259 816 1345 aetati,
832 1283 948 1339 verum
970 1263 1079 1338 etiam
1100 1260 1230 1330 favetur.

228 1361 344 1429 Prima
360 1363 528 1450 igiturest
545 1363 746 1431 adulescenti
764 1365 1008 1431 commendatio
1028 1363 1073 1430 ad
1091 1361 1228 1450 gloriam,

229 1467 257 1532 si
279 1487 344 1554 qua
360 1488 402 1533 ex
420 1465 545 1532 bellicis
563 1467 660 1533 rebus
675 1467 856 1554 comparari
872 1475 991 1556 potest,
1005 1467 1042 1531 in
1061 1469 1129 1554 qua
1145 1462 1253 1529 multia

229 1570 318 1658 apud
341 1569 478 1634 maiores
504 1579 631 1635 nostros
653 1570 871 1654 exstiterant;
894 1589 1034 1657 'semper
1057 1559 1148 1635 enirn
1169 1565 1228 1632 fere

230 1672 317 1739 bella
341 1672 549 1759 gerebantur.
594 1671 666 1737 Tua
688 1682 798 1738 auteur
820 1682 908 1740 actas
929 1673 1051 1740 incidit
1074 1671 1110 1736 iu
1129 1669 1163 1734 id
1176 1667 1229 1734 bel·

230 1775 311 1858 lum,
330 1776 423 1841 errius
445 1774 547 1840 altera
571 1797 646 1862 pars
668 1773 797 1842 sceleris
819 1776 961 1841 nimium
985 1775 1117 1858 habuit,
1140 1773 1228 1838 altera

230 1877 400 1944 felicitatis
421 1899 548 1967 parum.
593 1875 669 1956 Quo
691 1879 856 1945 tamenin
879 1878 966 1946 bello
988 1901 1070 1946 cum
1094 1886 1129 1943 tc
1143 1875 1229 1942 Pom-
1317 1944 1318 1963 ,

231 1981 326 2068 peius
348 1979 417 2046 alae
441 1980 564 2068 [alteri]
588 1980 808 2069 praefecisset,
831 2003 986 2069 magnam
1009 1981 1144 2048 laudern
1165 1985 1195 2044 et
1213 1997 1252 2039 aa

232 2103 362 2149 summo
387 2083 518 2149 vireat
543 2085 585 2151 ab
610 2085 755 2151 exercitu
782 2079 1024 2172 consequebare
1052 2079 1227 2172 equitando,

232 2183 414 2268 iaculando,
434 2186 525 2251 omni
547 2186 683 2253 militari
705 2187 816 2254 labore
839 2187 1020 2254 tolerando.
1068 2189 1179 2273 Atque
1197 2201 1229 2246 aa

233 2287 367 2375 quidem
385 2296 442 2353 tua
458 2287 529 2354 lans
546 2291 671 2376 pariter
687 2313 763 2356 cnm
780 2291 963 2378 republica
980 2291 1112 2357 cecidit.
1154 2283 1229 2352 Mihi

234 2399 345 2457 antem
360 2389 441 2457 baec
455 2392 558 2458 oratio
571 2401 722 2481 suscepta
737 2415 802 2459 non
815 2395 857 2460 de
872 2402 906 2460 te
921 2401 979 2477 cst,
992 2394 1050 2460 sed
1066 2394 1109 2459 de
1122 2406 1229 2478 genere

186 2506 225 2562 46
236 2501 324 2577 toto;
340 2515 439 2582 qnam
455 2495 582 2561 obrem
599 2517 775 2584 pergamus
790 2497 830 2562 ad
849 2517 897 2579 ca,
912 2517 997 2584 qnae
1015 2501 1164 2584 restant.¹
1189 2486 1253 2554 Uta

234 2597 339 2686 igitur
352 2599 386 2662 in
403 2597 538 2684 reliquis
556 2597 654 2664 rebus
669 2598 774 2664 multo
789 2599 913 2664 maiora
930 2619 1030 2685 opera
1045 2604 1126 2664 snut
1139 2589 1229 2660 animi

234 2723 334 2789 quarn
346 2702 502 2788 corporis,
515 2701 560 2766 sic
572 2723 628 2767 cae
640 2723 701 2785 res,
714 2723 793 2789 quas
804 2701 940 2789 iugenio
951 2723 988 2768 ac
999 2703 1128 2768 ratione
1140 2714 1229 2784 perse

235 2806 378 2891 quimur,
390 2805 549 2891 gratiores
564 2811 641 2869 sunt
656 2825 756 2890 quam
771 2804 857 2887 illae,
870 2826 950 2892 quas
963 2805 1098 2870 viribus.
1129 2799 1229 2868 Prima

235 2907 339 2994 igitur
359 2907 603 2974 commendatio
625 2905 878 2993 proficiscitnra
894 2906 1055 2972 modestia
1076 2925 1151 2972 curn
1173 2899 1228 2987 pie·

236 3015 304 3072 tate
321 3007 356 3070 in
375 3015 537 3093 parentes,
556 3009 592 3072 iu
609 3029 685 3075 suos
706 3008 941 3075 benivolentia.
986 3007 1165 3074 Facillnmc
1185 3015 1253 3065 att-2⁶

236 3117 305 3175 tem
320 3109 404 3174 etin
423 3109 581 3195 optimam
602 3119 729 3198 partem
748 3111 1226 3198 cognoscunturadulescentes,

237 3212 295 3299 qui
310 3233 345 3276 se
360 3211 401 3276 ad
416 3210 519 3278 claros
534 3221 568 3278 et
582 3215 745 3300 sapientes
761 3216 849 3280 viros
867 3215 952 3281 bene
969 3213 1172 3280 consulentes
1188 3203 1228 3270 rei

238 3313 389 3402 publicae
411 3313 640 3399 contulerunt3
663 3317 859 3403 quibuscum
885 3318 912 3382 si
939 3311 1128 3404 frequentes
1152 3313 1225 3383 sunt,

238 3415 428 3502 opinionem
445 3415 601 3482 adierunt
616 3418 740 3505 populo
752 3441 866 3485 eorum
882 3417 1002 3486 forese
1016 3419 1227 3500 similesque

191 3527 228 3586 47
239 3518 302 3584 sibi
328 3518 393 3605 ipsi
417 3517 602 3606 delegerint
624 3520 665 3585 ad
687 3521 897 3587 imitandum.
941 3519 981 3586 P.
1005 3519 1113 3587 Rutili
1133 3511 1250 3584 adulea
1316 3496 1318 3615 i

239 3621 396 3686 scentiam
410 3621 453 3686 'ad
468 3621 659 3707 opinionem
675 3629 709 3687 et
723 3623 933 3689 innocentiae
947 3633 980 3689 et
995 3623 1075 3688 iuris
1089 3615 1226 3688 scientiae

239 3723 279 3792 P.
295 3722 387 3789 Muci
406 3722 652 3790 commendavit
670 3724 796 3790 domus.
841 3725 929 3791 Nam
948 3725 984 3791 L.
1001 3727 1131 3812 quidem
1149 3721 1223 3787 Cras·
1313 3666 1318 3825 i
