2710 4374
342 379 415 434 ΗΒ.
432 380 486 432 ΙΙΙ.
515 378 601 434 CAP.
619 381 711 434 28-30.
745 378 761 442 i
779 381 899 435 los-109.
1060 382 1125 450 163

106 553 176 600 non
210 531 384 599 dubitant·
399 552 567 598 summum
596 531 722 598 malum
750 531 868 600 dicere.
918 529 1008 598 Nam
1036 531 1122 602 illud

107 635 266 724 quidem:

315 721 415 792 Neque
426 721 496 776 dedi
506 736 597 792 neque
608 720 647 775 do
659 719 768 775 infideli
782 722 914 791 cuiqnam

107 848 230 916 idcirco
253 855 346 914 recte
370 869 390 912 a
415 855 523 934 posta,
549 848 638 935 qaia,
662 869 739 914 cum
764 855 959 915 tractaretur
982 848 1118 933 Atreus,

84 971 268 1036 spersonae
283 951 493 1018 serviendum
505 951 582 1016 fuit.
616 949 682 1016 scd
696 951 724 1015 si
739 948 802 1017 hoc
817 950 881 1016 sibi
894 959 1036 1036 sument,
1048 952 1119 1018 nul-

107 1051 171 1118 lam
187 1065 261 1119 es'se
275 1052 389 1136 fidem,
405 1075 491 1140 quas
506 1051 634 1119 infideli
646 1052 723 1119 data
736 1052 790 1136 sit,
805 1051 951 1137 videant,
966 1075 1009 1120 no
1023 1076 1120 1141 qnae

106 1161 198 1220 ratur
211 1155 343 1222 latebra
357 1156 514 1244 periurio.
561 1155 635 1240 [Est
649 1163 761 1222 autem
775 1155 827 1222 ius
844 1155 945 1222 etiam
963 1156 1117 1224 bellicum
1130 1169 1187 1232 107

106 1255 256 1343 fidesque
289 1257 372 1324 iuris
403 1257 536 1324 iurandi
567 1279 665 1345 saepe
695 1279 772 1324 oum
804 1256 899 1324 hosta
934 1259 1117 1345 servanda]

107 1357 204 1437 Quod
226 1361 324 1426 enirn
347 1360 396 1426 ita
419 1361 567 1426 iuratum
591 1367 652 1444 est,
669 1367 706 1426 ut
723 1381 816 1426 mens
837 1360 1026 1448 conciperet
1047 1361 1120 1428 ficri

76 1469 270 1548 importare,
289 1462 323 1528 id
340 1463 539 1530 servandum
554 1470 604 1530 est
614 1484 623 1546 3
635 1463 724 1549 quod
739 1463 845 1544 aliter,
860 1462 895 1528 id
910 1463 938 1528 si
953 1484 1020 1529 non
1036 1463 1121 1530 fece·

106 1564 158 1648 rit,
173 1565 311 1632 nullum
325 1573 375 1632 est
389 1567 583 1654 periurium.
628 1565 688 1648 Ut,
703 1565 732 1631 si
746 1564 967 1652 praedonibus
985 1573 1119 1654 pactum

107 1687 165 1753 pro
180 1669 295 1756 capite
309 1669 454 1756 pretium
469 1689 536 1735 non
555 1667 715 1751 attuleris,
733 1666 827 1733 nulla
843 1666 936 1733 fraus
953 1675 1013 1753 est,
1031 1690 1075 1736 ne
1092 1669 1120 1734 si

109 1769 233 1836 iuratus
248 1771 391 1859 quidem
405 1771 442 1838 id
456 1793 523 1838 nou
539 1770 679 1854 feceris3
701 1791 777 1836 nam
798 1770 904 1857 pirata
925 1790 992 1836 non
1010 1777 1061 1837 est
1078 1793 1120 1837 ax

110 1872 336 1958 perduellium
362 1895 503 1940 numero
528 1873 696 1956 definitus,
722 1873 778 1938 scd
804 1873 988 1939 communis
1016 1872 1121 1940 hostis

79 1976 282 2059 nomnium3
304 1997 380 2044 curn
398 1976 462 2043 hoo
478 1998 541 2044 neo
562 1976 645 2043 fides
667 1976 767 2042 debet
789 1995 850 2043 nec
870 1976 923 2042 ius
945 1977 1120 2044 iurandum
1194 2012 1200 2020 ·

110 2097 176 2144 asse
192 2096 386 2146 commune.
421 2077 501 2146 Non
516 2079 608 2146 enim
623 2077 744 2146 falsum
756 2078 863 2146 iurare
878 2079 1045 2166 periurare
1059 2087 1118 2164 est,
1131 2089 1189 2144 108

111 2178 174 2265 sed,
189 2181 285 2268 quod
303 2203 349 2247 nx
365 2199 467 2247 annu
483 2203 539 2248 um
557 2201 740 2247 scurnum
760 2180 888 2263 iuraris,
903 2182 989 2248 siout
1012 2182 1120 2249 verbis

111 2283 410 2376 concipitur-more
432 2291 556 2368 nostro,
571 2282 608 2349 id
630 2303 698 2348 uon
721 2281 831 2350 facere
853 2284 1036 2370 periurium
1059 2292 1118 2351 cst.

112 2383 198 2453 Scite
212 2387 307 2454 enim
322 2385 517 2473 Euripides:

83 2506 106 2548 ω
315 2498 410 2554 Iurtvi
421 2498 528 2570 lingna,
540 2501 663 2554 mentem
676 2497 827 2554 iniuratdnr
839 2486 915 2570 gero.

113 2593 262 2684 Regulus
278 2619 355 2664 vero
370 2615 437 2664 non
453 2597 569 2664 debuit
584 2597 794 2665 condiciones
809 2596 1043 2684 pactionesque
1055 2596 1120 2664 bel-

113 2696 188 2766 licas
202 2707 238 2767 et'
253 2699 390 2768 hostiles
407 2700 601 2788 perturbare
619 2699 774 2788 periurio.
820 2698 906 2764 (lum
924 2697 1012 2763 iusto
1029 2699 1119 2784 enim

116 2808 148 2868 et
166 2802 320 2892 legitimo
342 2803 437 2870 hoste
458 2825 511 2869 res
532 2804 718 2891 gerebatur,
734 2802 889 2868 adversus
906 2821 1006 2888 quem
1024 2807 1058 2866 ct
1073 2808 1119 2866 to

114 2908 183 2971 tum
200 2908 254 2973 ius
270 2906 386 2973 fetiale
403 2913 438 2972 ct
456 2905 562 2972 multa
583 2914 661 2972 sunt
683 2905 756 2970 iura
777 2904 975 2971 communia.
1020 2902 1119 2981 Quod

86 3007 147 3071 ani
159 3008 206 3075 ita
222 3017 319 3092 essct,
334 3030 518 3096 numquam
533 3008 635 3077 claros
651 3009 738 3075 viros
756 3015 887 3074 senatus
903 3007 1030 3074 vinctos
1047 3006 1119 3074 hos-

115 3107 199 3176 tibus
212 3111 402 3178 dedidisset.

154 3211 203 3278 At
219 3235 299 3280 vero
317 3213 356 3279 T.
375 3212 536 3281 Veturius
554 3221 588 3280 et
611 3214 667 3301 Sp.
683 3213 874 3281 Postumius
896 3235 973 3280 oum
994 3213 1115 3280 iterum
1127 3185 1184 3332 ddd

115 3314 258 3382 consules
279 3323 397 3398 essent,
413 3317 501 3404 qnia,
517 3338 593 3383 cum
614 3315 700 3382 male
721 3324 908 3404 pugnatum
929 3316 1018 3404 apud
1034 3317 1116 3383 Oara-

117 3412 203 3483 dium
218 3426 313 3502 esset,
329 3419 515 3507 legionibus
530 3419 651 3486 nostris
665 3419 726 3486 sub
744 3420 862 3507 iugum
880 3419 986 3486 missis
1000 3441 1115 3506 pacem

86 3532 186 3583 acum
201 3521 405 3590 Samnitibus
418 3522 576 3605 fecerant,
592 3521 697 3589 dediti
714 3531 791 3588 stunt
806 3523 866 3605 iis;
881 3523 1006 3588 iniussu
1025 3523 1115 3589 enim

117 3621 226 3707 populi
249 3631 448 3713 senatusque
472 3625 631 3692 fecerant
675 3623 868 3712 Eodemque
890 3631 1040 3711 tempore
1061 3624 1114 3691 Ti.

116 3715 295 3812 Numicius,
311 3727 353 3807 Q.
369 3726 522 3812 Maelius,
537 3728 596 3816 qui
614 3735 687 3796 tum
702 3727 830 3795 tribuni
844 3726 889 3814 pl.
905 3733 1010 3809 erant,
1025 3724 1116 3813 qnod
