2710 4374
400 385 470 435 nm.
489 384 542 434 111.
577 383 656 434 cnr.
677 385 784 447 17‚18.-
810 382 932 445 §ea-74.
1108 383 1176 450 149.

153 537 315 597 naturam
330 553 411 616 csse,
425 533 594 599 neminem
609 533 645 599 id
659 555 767 620 agere,
779 540 817 599 ut
832 521 873 600 en
889 533 1025 600 alterius
1039 521 1174 621 praede

154 642 217 699 tur
232 634 375 701 inscitia.
420 633 495 702 Nec
519 635 586 702 ulla
607 637 769 723 pernicies
791 625 885 702 vitae
901 637 1006 703 maior
1026 637 1171 703 inveniri

154 745 270 824 potest
285 759 385 824 quarn
400 738 436 802 in
452 738 579 804 malitia
593 739 760 804 simulatio
771 739 1036 826 intellegentia03
1051 761 1170 827 exque

154 841 224 905 ista
248 841 504 907 innumerabilia
528 850 718 926 nascuntur,
744 850 784 906 nt
809 841 904 907 utilia
925 864 1001 909 cum
1023 841 1170 909 honestis

129 965 310 1030 repugnare
325 944 509 1010 videantur.
555 944 685 1022 Quotus
702 945 793 1011 enim
814 945 954 1032 quisque
976 945 1168 1033 reperietur,

156 1047 221 1134 qui
235 1046 435 1133 impunitate
449 1055 483 1113 et
498 1047 706 1134 ignoratione
721 1048 870 1114 omnium
888 1049 1056 1136 proposita
1074 1049 1170 1115 absti-

157 1169 242 1214 nere
259 1149 364 1236 possit
381 1149 524 1215 iniuriat
614 1211 616 1215 ,

206 1251 449 1336 Periclitemur‚
472 1252 500 1318 si
522 1252 639 1340 placet,
661 1253 751 1320 etin
775 1253 816 1319 iis
838 1253 973 1340 quidem
996 1253 1167 1342 exemplis,

156 1354 198 1418 in
216 1355 338 1440 quibus
353 1355 479 1441 peccari
495 1355 613 1443 volgus
630 1355 804 1422 hominum
822 1356 962 1422 fortasse
979 1378 1046 1423 non
1062 1365 1169 1444 putet.

118 1478 149 1518 ιι
157 1453 283 1543 Neque
300 1458 390 1522 enim
412 1457 454 1522 de
475 1457 607 1540 sicariis,
626 1456 792 1540 veneficis,
811 1459 1072 1541 testamentariis,
1090 1458 1171 1524 furi·

158 1559 234 1640 hus,
253 1559 496 1645 peculatoribus
518 1559 581 1626 hoc
603 1559 674 1627 loco
697 1549 923 1626 disserendum
945 1568 1004 1644 est,
1023 1561 1081 1647 qui
1103 1582 1169 1627 non

158 1661 274 1727 verbis
292 1669 421 1728 suntet
439 1662 663 1749 disputatione
679 1661 962 1750 philosophorum,
978 1664 1035 1729 sed
1053 1663 1171 1729 vinclis

159 1772 198 1830 et
212 1785 340 1830 carcere
357 1764 532 1850 fatigandi,
547 1765 605 1830 sed
623 1765 703 1832 haec
720 1766 976 1848 consideremus,
991 1786 1075 1852 quae
1093 1766 1172 1832 faci·

161 1874 226 1932 unt
240 1867 275 1950 ii,
290 1867 347 1954 qui
364 1867 528 1934 hahentur
542 1868 631 1934 boui.
669 1868 706 1933 L.
723 1853 853 1934 Minuci
868 1867 981 1951 Basili,
997 1867 1171 1956 locupletis

123 1969 317 2051 rahominis,
341 1969 463 2034 falsum
485 1977 720 2036 testamentum
747 1970 881 2057 quidam
904 1992 923 2036 e
946 1970 1084 2037 Graecia
1105 1970 1171 2038 Ro

162 2093 253 2136 mam
268 2071 459 2138 attulerunt.
493 2073 591 2150 Quod
605 2095 671 2160 quo
682 2073 812 2139 facilius
827 2063 1026 2161 optinerent,
1038 2075 1169 2161 scripse

161 2181 244 2239 runt
269 2174 405 2240 heredes
429 2196 541 2241 secum
567 2175 616 2241 M.
641 2175 795 2242 Crassum
818 2185 852 2241 et
878 2175 918 2254 Q.
942 2163 1170 2261 Hortensium,
1205 2259 1212 2270 .

162 2275 316 2342 homines
333 2277 479 2344 eiusdem
498 2279 614 2343 aetatis
631 2277 895 2365 potentissirnos3
918 2279 975 2364 qui
993 2301 1070 2344 curn
1088 2279 1171 2345 ill'nd

162 2377 288 2444 falsum
312 2399 382 2444 esse
408 2379 661 2466 suspicarentur,
687 2381 750 2446 sihi
776 2370 887 2446 autem
913 2380 1037 2446 nullius
1063 2389 1171 2448 essent

127 2481 287 2546 ecconscii
309 2481 435 2568 culpae,
451 2481 549 2548 alieni
572 2481 728 2548 facinoris
746 2481 978 2548 munusculum
996 2505 1061 2549 non
1078 2505 1171 2570 repu-

163 2583 350 2648 diaverunt.
389 2583 479 2660 Quid
494 2585 595 2672 ergoi
610 2585 693 2650 satin
710 2592 759 2650 est
774 2583 845 2668 hoc,
860 2592 899 2650 ut
914 2607 980 2650 non
996 2585 1172 2672 deliquisse

164 2684 362 2751 videantur'i
393 2684 480 2750 Mihi
496 2686 631 2773 quidem
646 2708 713 2752 non
729 2685 871 2770 videtur,
884 2708 1083 2774 quamquam
1093 2686 1172 2754 alte-

164 2808 241 2852 rum
256 2787 372 2852 vivum
387 2788 505 2871 amavi,
518 2787 658 2854 alterum
673 2809 739 2854 non
752 2787 807 2854 odi
822 2796 989 2855 mortuum
1002 2811 1011 2872 ;
1026 2789 1082 2855 sed
1095 2793 1219 2856 cumlt

165 2887 295 2954 Basilus
312 2888 360 2954 M.
377 2889 533 2972 Satrium,
552 2879 670 2956 sororis
687 2889 806 2973 filium,
824 2911 945 2956 nomen
966 2913 1062 2956 suum
1084 2892 1172 2958 ferre

129 2991 325 3058 evoluissct
339 3013 481 3078 cumque
507 2992 640 3059 iecisset
666 2991 822 3059 heredem
845 2993 949 3080 (hunc
970 2993 1045 3060 dico
1067 3001 1172 3082 patro

167 3117 249 3160 num
264 3095 335 3182 agri
346 3094 462 3162 Piceni
478 3103 512 3161 et
524 3095 658 3179 Sabiui3
673 3118 693 3162 o
708 3103 839 3184 turpem
852 3103 965 3162 notam
983 3101 1172 3184 temporum

170 3200 304 3284 [nornen
320 3197 494 3284 illorum]l)
509 3219 575 3264 non
591 3207 661 3264 erat
672 3220 815 3285 aequum
830 3199 997 3287 principes
1008 3191 1172 3267 civisrem

167 3301 298 3384 habere,
324 3301 366 3366 ad
393 3300 538 3366 Satrium
566 3300 650 3366 nihil
679 3309 808 3388 praeter
838 3323 959 3368 nomen
989 3305 1171 3390 pervenire.
1193 3342 1215 3348 ι-

166 3403 312 3486 Etenim,
327 3403 355 3468 si
370 3403 408 3484 is,
424 3403 482 3488 qui
498 3424 564 3468 non
580 3402 732 3469 defendit
746 3403 901 3469 iniuriam
917 3425 1024 3490 neque
1042 3407 1174 3493 propul-

130 3513 225 3587 sosat,
238 3527 313 3572 cum
329 3513 448 3592 potest,
460 3504 582 3572 iniuste
597 3505 688 3589 facit,
700 3513 738 3571 ιιι
752 3506 787 3570 in
803 3495 912 3594 primo
924 3507 1009 3572 libro
1024 3507 1172 3592 disserui,-

166 3607 273 3697 qualis
287 3606 458 3674 habendus
476 3615 525 3673 est
539 3608 577 3690 is,
592 3609 651 3693 qui
669 3629 735 3673 non
754 3609 853 3674 modo
872 3630 939 3674 non
957 3609 1098 3696 repellit,
1116 3612 1174 3677 sed

165 3712 267 3778 etlam
292 3711 429 3776 adiuvat
454 3710 630 3777 iniuriam?
674 3709 760 3776 Mihi
785 3710 920 3798 quidem
949 3712 1049 3778 etiam
1079 3735 1175 3779 verae

1174 1217 1217 1285 18

1180 1303 1218 1362 73
