2734 4362
198 320 241 384 32
468 331 472 338 ·
588 315 640 368 nn
661 315 840 370 urricus,
886 327 889 334 ·
937 321 942 328 ·

197 476 257 552 est,
270 467 361 534 nulla
378 467 514 551 firmior,
527 489 626 556 quam
644 489 720 534 cnm
738 466 802 532 uiri
819 466 900 533 boni
917 465 1064 532 moribus
1080 465 1203 533 simile's

198 579 275 636 sunt
286 569 511 636 familiaritate
522 569 707 660 eoniuyncti3
722 568 804 634 illud
817 569 906 634 enim
918 567 1104 650 honestum,
1114 569 1202 655 qued

197 695 294 762 saepe
315 673 465 755 dicimus,
481 674 580 739 etiam
599 673 626 738 ai
646 673 681 736 in
704 671 767 738 alio
790 672 1124 756 ee1·nimus,[tamen]
1144 693 1202 737 nes

197 783 310 842 movet
324 784 423 862 atque
442 775 501 858 illi,
513 775 547 840 in
559 783 630 862 'quo
648 775 682 840 id
698 775 803 840 inesse
818 773 959 856 videtur,
972 773 1093 838 amieos
1111 773 1199 840 facit.

150 891 188 945 56
197 877 242 946 Et
259 899 459 970 quamquam
481 878 588 947 omnis
607 877 711 942 uirtus
730 897 790 943 nes
811 876 854 942 ad
871 897 906 942 ee
928 875 1029 942 allicit
1046 875 1199 962 facitque,
1222 903 1237 944 a

200 990 305 1048 utens
322 981 508 1067 diligamus,
520 981 555 1046 in
571 980 691 1067 quibus
708 979 779 1067 ipsa
796 979 901 1045 inesse
918 979 1080 1062 videatur,
1092 988 1200 1044 tamen

197 1085 324 1150 iustitia
344 1091 378 1152 et
400 1083 576 1151 liberalitas
597 1083 632 1150 id
655 1085 798 1149 maxime
819 1082 929 1149 efficit.
972 1081 1071 1148 Nihil
1091 1089 1200 1148 eutem

197 1186 441 1256 estamabilins
462 1208 522 1253 nee
544 1186 726 1274 copulatius
747 1207 845 1272 quam
870 1206 999 1252 merum
1021 1184 1200 1250 similitude

198 1289 435 1371 bonorum3'iu
454 1289 575 1376 quibus
594 1290 685 1355 'enim
703 1289 818 1355 eadem
836 1289 945 1354 studia
965 1297 1052 1370 sunt,
1068 1288 1199 1354 eaedem

198 1391 394 1477 voluntates,
407 1392 440 1457 in
460 1393 501 1458 iis
514 1391 554 1458 fit
568 1400 607 1458 ut
624 1412 728 1478 aeque
743 1392 882 1478 quisque
900 1391 1002 1456 altere
1020 1389 1199 1456 delectetur·
1206 1413 1232 1454 ιι

197 1518 235 1562 ac
263 1517 298 1564 se
323 1497 405 1584 ipse,
423 1495 629 1582 efficiturque
656 1495 701 1578 id,
721 1495 809 1581 quod
836 1493 1042 1582 Pythagoras
1068 1494 1140 1560 vult
1164 1495 1198 1560 in

198 1599 407 1681 amicitiant
429 1620 514 1664 unus
533 1598 591 1662 fiat
613 1596 833 1684 expluribus.
878 1595 1002 1684 Magna
1022 1597 1122 1662 etiam
1144 1597 1199 1662 illu

197 1702 415 1776 communitas
436 1710 495 1782 est,
511 1723 594 1788 quae
615 1699 788 1768 conficitur
809 1721 850 1766 ex
869 1698 1036 1766 beneficiis
1057 1699 1145 1766 ultro
1166 1710 1199 1767 et

197 1805 280 1870 citro
298 1804 383 1870 datia
400 1803 551 1890 acceptis,
567 1823 650 1889 quae
668 1811 703 1868 et
720 1811 836 1868 mutua
854 1811 887 1868 et
904 1811 997 1890 grata
1015 1802 1096 1868 dum
1113 1813 1198 1886 stant,

150 1908 186 1969 57
197 1907 284 1974 inter
301 1927 383 1992 quos
404 1925 442 1970 ea
459 1914 546 1989 eunt,
561 1905 656 1970 firma
673 1905 907 1971 devinciuntur
927 1906 1090 1972 societate.
1135 1907 1233 1972 Sedu

197 2030 272 2074 eum
292 2008 403 2074 omnia
420 2008 546 2075 ratione
566 2009 742 2097 animoque
761 2011 918 2093 lustrarie,
935 2011 1083 2076 emnium
1105 2009 1200 2088 socie

197 2119 303 2178 tatum
315 2110 405 2176 nulla
419 2119 468 2178 est
482 2113 623 2200 gravior,
634 2113 724 2179 nulla
738 2114 843 2180 carior
857 2114 956 2200 qnam
971 2135 1018 2196 ea,
1028 2123 1113 2201 quae
1127 2115 1197 2180 e'um

196 2235 232 2280 re
247 2213 378 2301 publiea
393 2222 441 2280 est
453 2216 511 2280 uni
526 2217 645 2302 cuique
656 2225 815 2283 nostrum.
860 2215 936 2284 (lari
951 2224 1029 2283 sunt
1040 2225 1198 2304 parentes,

197 2317 263 2382 cari
288 2315 394 2398 liberi,
413 2318 602 2405 propinqui,
620 2318 809 2402 familiares,
828 2319 886 2386 sed
909 2341 1026 2385 omnes
1051 2320 1201 2386 omnium

196 2419 346 2486 caritates
364 2419 470 2506 patria
492 2417 557 2486 una
579 2421 748 2509 complexa
766 2433 824 2505 est,
840 2444 900 2508 pro
922 2423 1079 2508 qusquis
1097 2423 1232 2488 bonuau

196 2520 327 2590 dubitet
349 2531 489 2588 mortem
514 2531 680 2610 oppetere,
699 2524 727 2589 si
749 2524 779 2590 ei
802 2525 845 2589 sit
866 2519 1082 2612 profuturusf
1126 2523 1201 2602 Quo

196 2633 245 2692 est
257 2623 480 2714 detestabilior
494 2627 632 2693 istorum
644 2623 831 2710 inmanitas,
839 2628 896 2714 qui
912 2627 1096 2694 lacerarunt
1111 2627 1200 2693 omni

196 2728 316 2796 scelere
334 2730 474 2817 patriam
497 2731 582 2796 etin
606 2753 645 2796 ea
662 2731 815 2797 funditus
836 2725 975 2797 delenda
996 2725 1198 2818 occupati'et

150 2841 273 2898 essunt
285 2841 318 2898 et
330 2833 477 2899 fuerunt.
518 2833 583 2900 Sed
598 2834 625 2899 si
640 2835 809 2900 eontentio
820 2833 979 2920 quaedam
995 2843 1028 2900 et
1040 2843 1201 2922 compara

197 2933 335 3016 tio'fiat',
350 2936 471 3020 quibus
492 2935 673 3020 plurimum
691 2937 903 3004 tribuendum
926 2939 969 3004 sit
991 2931 1231 3025 efficii,'prin-es

197 3035 287 3121 cipes
308 3036 374 3101 sint
393 3036 499 3122 patria
520 3046 556 3102 et
574 3047 734 3123 parentes,
750 3038 890 3126 quorum
913 3039 1081 3107 benefieiis
1104 3041 1199 3106 maxi·

198 3138 262 3202 mis
276 3137 412 3224 obligati
428 3160 549 3222 sumus,
561 3141 704 3227 preximi
719 3142 814 3210 liberi
830 3151 965 3231 totaque
979 3145 1106 3228 domus,
1119 3133 1200 3231 quae

198 3247 323 3328 spectat
344 3240 380 3304 in
402 3261 462 3306 nos
484 3241 568 3308 solos
590 3265 697 3331 neque
719 3245 808 3311 aliud
829 3246 935 3312 ullum
957 3256 1066 3334 potest
1084 3247 1201 3314 habere

198 3343 400 3430 perfugium,
412 3343 567 3432 deinceps
581 3346 664 3413 bene
682 3345 916 3415 convenientes
933 3343 1122 3437 propinqui,
1134 3349 1201 3436 qui·

199 3445 528 3514 buscumcommunis
539 3449 638 3515 etiam
648 3449 988 3538 fortunaplerumque
999 3461 1056 3518 est.
1095 3452 1229 3530 Quamu

199 3550 242 3616 ob
257 3571 326 3615 rem
345 3551 522 3616 necessaria
536 3553 697 3639 praesidia
712 3555 799 3618 vitae
817 3549 979 3621 debentur
993 3555 1033 3620 iis
1050 3555 1200 3634 maxime,

199 3660 368 3738 qu'osante
379 3653 458 3744 dixi,
469 3653 537 3720 vita
548 3663 658 3721 autem
672 3655 844 3742 victusque
855 3659 1050 3742 eommunis,
1060 3655 1202 3739 cenail-ia,
