2710 4374
196 374 262 442 158
587 372 639 429 DE
660 372 813 428 omens

197 523 321 610 tulerit,
331 533 370 593 nt
384 524 439 594 vel
449 523 577 611 mltare,
588 545 665 594 enm
676 521 803 612 patriae
816 524 1027 593 uonsnlturns
1041 525 1095 611 sit,
1104 533 1191 616 turpe

196 629 333 698 nonsit

149 705 193 778 ²⁵
241 732 297 799 Ao
311 753 353 799 ne
368 729 426 798 illa
439 729 576 818 quidem
589 731 750 818 promissa
762 729 923 798 servanda
934 737 1022 814 sunt,
1033 751 1119 817 quse
1134 753 1194 798 non

149 797 276 902 “sunt
292 835 332 900 ra
349 833 429 921 ipsis
445 832 550 916 uana,
568 833 688 920 quibus
705 833 764 900 nu
780 832 978 920 promuerit
1024 831 1084 899 su
1099 829 1196 901 Phae

197 935 307 1004 thonti
324 935 405 1020 filio,
420 943 458 1002 ιιι
474 935 646 1004 redeamus
666 936 709 1003 ad
730 935 868 1020 fabulae,
885 934 1055 1001 iacturum
1077 956 1113 1002 se
1135 957 1214 1002 esses

196 1039 293 1122 dixit,
311 1037 470 1128 quioquid
492 1045 654 1126 optasset3
675 1040 814 1125 optavit,
828 1045 869 1104 nt
889 1037 925 1104 in
943 1058 1078 1104 currum
1101 1039 1198 1124 patris

196 1140 381 1223 tolleretur3
407 1139 555 1210 sublatus
575 1148 635 1208 est.
679 1141 795 1229 Atque
816 1140 855 1223 is,
870 1147 947 1206 ante
963 1161 1066 1226 quam
1085 1140 1198 1206 eonsti-

196 1243 249 1326 tit,
261 1241 329 1310 ictu
344 1242 496 1310 fulminis
510 1241 713 1330 deflagravit
758 1242 893 1322 Quanto
908 1241 1026 1308 melius
1039 1241 1154 1308 fuerat
1167 1242 1198 1307 in

196 1344 260 1412 hoo
275 1345 472 1436 promissum
486 1345 589 1433 patris
603 1367 671 1412 non
686 1366 756 1412 esse
769 1345 956 1412 servatnml
996 1343 1100 1428 Quid,
1113 1345 1199 1432 quod

197 1447 346 1516 Theseus
365 1448 476 1535 exegit
498 1447 695 1535 promissum
718 1469 738 1514 a
758 1447 942 1536 Neptunoi
964 1447 1017 1514 cni
1039 1468 1120 1515 oum
1138 1457 1227 1514 traso

196 1551 382 1641 optationes
403 1550 585 1638 Neptunus
605 1551 758 1636 dedisset,
776 1551 905 1638 optavit
925 1550 1102 1616 interitum
1121 1549 1201 1638 Hip

196 1654 305 1744 polyti
325 1653 397 1737 filii,
415 1675 490 1722 cnm
512 1654 540 1719 is
565 1655 652 1742 patri
677 1661 848 1742 suspectus
869 1661 954 1720 esset
975 1652 1018 1720 de
1041 1673 1200 1736 noverea3

197 1777 266 1845 quo
282 1765 396 1846 optato
412 1757 590 1844 impetrato
608 1755 755 1824 Theseus
775 1757 811 1822 in
833 1755 997 1822 maxumis
1018 1754 1089 1821 init
1110 1755 1201 1823 lucti-

149 1861 269 1932 95bus.
305 1860 406 1944 Quid,
417 1858 506 1948 quod
519 1859 751 1946 Agamemnon
767 1881 844 1926 enm
860 1858 1048 1925 devovisset
1062 1856 1200 1942 Dianae,

196 1962 287 2050 quod
301 1963 335 2026 in
348 1983 408 2028 suo
420 1982 522 2049 regno
533 1960 791 2048 pulcherrimum
804 1968 918 2028 natum
934 1967 1019 2028 esset
1033 1959 1094 2027 illo
1105 1981 1237 2045 anno,u·

196 2062 383 2130 immolavit
397 2061 617 2150 Iphigeniam,
632 2085 698 2151 qna
713 2063 799 2130 nihil
816 2071 886 2130 orat
903 2085 943 2130 eo
960 2062 1098 2150 quidem
1116 2084 1201 2128 anno

197 2172 313 2232 natum
334 2165 525 2252 pulchrinsl
569 2165 774 2234 Promissum
797 2166 993 2254 potiusnon
1010 2165 1201 2232 faciendum

196 2289 297 2356 qnam
311 2274 381 2334 tam
395 2275 538 2335 taetrum
553 2268 682 2336 facinus
695 2269 939 2338 admittendum
953 2269 1031 2334 fnit
1063 2267 1155 2356 Ergo
1169 2276 1202 2334 et

196 2370 357 2459 promissa
378 2391 445 2438 non
467 2370 621 2438 faciende
641 2393 710 2438 non
732 2393 924 2459 numquam,
942 2391 1051 2458 neque
1072 2392 1201 2458 semper

197 2473 347 2563 deposita
373 2473 549 2540 reddenda.
598 2473 636 2540 Si
663 2473 814 2562 gladium
842 2475 916 2563 quis
944 2474 1034 2562 apud
1063 2482 1098 2540 te
1125 2490 1230 2538 sanan

196 2585 309 2646 mente
324 2576 522 2665 deposuerit,
536 2583 665 2663 repetat
679 2577 855 2661 insaniens,
870 2577 1007 2644 reddere
1027 2583 1197 2664 peceatum

196 2681 251 2765 sit,
273 2680 418 2748 officium
443 2699 511 2745 non
539 2678 688 2746 reddere
732 2679 845 2758 Qnidl
865 2679 894 2746 si
915 2681 953 2764 is,
975 2679 1034 2766 qni
1056 2678 1145 2766 apud
1166 2685 1198 2744 te

195 2784 371 2872 pecuniam
388 2779 586 2870 deposuerit,
602 2780 727 2848 bellum
747 2781 870 2848 inierat
892 2782 1025 2869 patriae,
1040 2781 1197 2846 reddasne

196 2885 404 2973 depositnmi
447 2883 527 2952 Non
543 2882 658 2966 uredo;
680 2883 782 2950 inuias
796 2885 887 2950 enim
901 2892 1014 2950 eontra
1030 2905 1103 2949 rem
1120 2883 1197 2970 pul>

196 2985 305 3072 lioam,
320 3008 404 3074 quae
421 2987 521 3056 debet
538 3009 607 3054 esse
622 2985 795 3054 erimina„
840 2987 896 3053 Sio
913 2986 1027 3070 multa,
1043 3007 1128 3073 quae
1144 2985 1227 3051 tro-s
1346 2999 1347 3032 ι

195 3097 288 3155 nesta
305 3097 422 3155 natura
443 3090 601 3158 videntur
621 3111 700 3174 esee,
723 3089 929 3177 temporibus
945 3087 1033 3155 fiunt
1054 3109 1121 3155 nou
1144 3087 1197 3153 ho

195 3197 307 3273 nesta3
329 3191 438 3257 faeere
459 3194 629 3279 promissa,
647 3201 733 3260 stare
750 3192 930 3274 conventis,
949 3190 1086 3258 reddere
1103 3190 1197 3276 depo

195 3293 259 3360 sita
272 3300 473 3360 commutata
490 3295 634 3364 utilitate
648 3295 736 3362 finnt
753 3317 820 3362 non
838 3293 985 3362 honesta
1029 3293 1084 3359 Ao
1101 3292 1142 3358 de
1157 3291 1196 3356 iis

196 3394 342 3484 quidem,
361 3417 446 3484 quae
467 3396 623 3465 videntur
640 3420 709 3465 esse
726 3398 886 3464 utilitates
903 3403 1017 3463 eontra
1038 3393 1195 3464 iustitium

196 3497 406 3566 simulatione
420 3500 626 3588 prudentiae,
641 3501 720 3566 satis
734 3501 876 3568 arbitror
889 3499 1026 3572 dietum.
1124 3543 1126 3550 .
1201 3515 1225 3557 ιι

147 3609 188 3670 96
239 3599 306 3668 Sed
320 3603 476 3690 qnoniam
498 3623 518 3668 a
539 3610 697 3690 quattuor
714 3602 866 3672 fontibus
886 3595 1069 3668 honestatis
1089 3599 1196 3686 primo

195 3701 281 3772 libro
294 3703 400 3774 offioia
413 3704 579 3784 duximus,
594 3706 628 3772 iu
645 3704 767 3771 eisdem
783 3725 962 3786 versemur,
977 3723 1055 3770 oum
1070 3701 1196 3771 docebi-
