2734 4362
445 408 516 459 LIB.
535 409 558 460 1.
594 407 675 461 cAP.
695 411 720 472 1,
738 409 768 461 2.
798 407 813 470 5
831 411 888 461 2-7.
1127 411 1176 477 ’13

167 558 282 642 rebus,
293 579 400 646 neque
418 558 446 622 si
465 561 672 646 'tecum'ag'as
690 559 782 646 quid,
798 581 907 647 neque
928 560 956 625 si
974 579 1051 625 cum
1072 557 1176 624 altero

168 663 352 748 contrahas,
371 685 486 730 vacare
512 663 625 731 officio'
644 672 764 752 potest,
782 665 818 730 in
844 687 950 753 eoque
975 673 1009 731 et
1037 661 1175 730 colendo

168 769 232 834 sita
249 768 337 832 vitae
355 771 405 832 est
422 766 576 832 honestas
593 767 700 833 omnis
714 775 748 832 et
766 767 973 855 neglegendo
991 768 1173 855 turpitudo.

168 873 285 958 Atque
314 869 395 936 baec
417 869 552 956 quidem
575 870 723 956 quaestio
745 871 932 937 communis
953 879 1003 936 est
1024 872 1201 940 omnium5

147 971 459 1062 aphilosopbornrn3
473 971 547 1058 quis
559 980 608 1038 est
619 972 720 1055 euim,
732 972 788 1060 qui
803 973 903 1039 nullis
914 972 1013 1040 officii
1027 995 1176 1061 praecep

170 1078 214 1142 tis
232 1074 400 1146 tradendis
415 1073 651 1162 philosophum
667 1097 702 1142 se
716 1075 835 1142 audeat
849 1075 981 1143 diceret
1018 1075 1083 1142 Sed
1098 1087 1176 1144 suut

169 1199 238 1246 uon
250 1178 363 1244 nullae
379 1176 580 1265 disciplinae,
592 1199 676 1265 quae
691 1179 868 1267 propositis
883 1179 1046 1246 bonorum
1062 1187 1095 1246 et
1111 1201 1174 1246 ma·

170 1283 278 1348 lorum
306 1279 429 1346 finibus
457 1279 601 1347 officium
628 1302 726 1348 omne
754 1289 954 1369 pervertant.
998 1280 1087 1347 Nam
1117 1283 1175 1369 qui

170 1405 337 1451 summum
353 1384 477 1450 bonum
493 1383 539 1448 sio
554 1382 710 1466 instituit,
727 1391 765 1449 ut
779 1383 864 1450 nihil
882 1383 1000 1450 habeat
1019 1405 1093 1450 cum
1112 1387 1175 1449 vir·

135 1495 243 1553 rotate
264 1486 487 1568 coniunctum,
503 1484 605 1572 idque
623 1485 692 1550 suis
709 1486 902 1570 commodis,
919 1507 985 1551 uon
1004 1484 1175 1552 honestate

171 1590 317 1674 metitur,
329 1588 394 1672 hio,
406 1589 434 1654 si
445 1589 509 1655 sibi
523 1588 594 1676 ipse
610 1587 794 1654 consentiat
809 1595 843 1654 et
860 1609 928 1654 non
942 1583 1110 1654 interdum
1122 1610 1176 1655 na·

171 1702 263 1760 turae
282 1694 429 1760 bonitate
447 1693 609 1776 vincatur,
628 1689 741 1778 neque
755 1690 933 1758 amicitiam
951 1690 1056 1759 colere
1073 1693 1176 1779 possit

171 1819 232 1864 neo
257 1797 417 1862 iustitiam
444 1817 507 1862 nee
532 1793 763 1861 liberalitatem
775 1815 785 1877 ;
806 1793 905 1860 fortis
926 1816 1006 1861 vere
1027 1793 1175 1861 dolorem

171 1921 339 1966 summum
361 1897 487 1964 malum
508 1898 659 1964 iudicans
680 1905 738 1963 ant
760 1904 948 1984 temperans
969 1893 1176 1985 voluptatem

135 2024 337 2069 assummum
353 2002 478 2069 bouum
492 2007 639 2067 statuens
653 2022 722 2068 esse
737 2008 826 2067 certe
838 1999 931 2067 nullo
945 2000 1043 2068 modo
1055 2009 1173 2088 potest.

171 2107 265 2184 Quae
282 2125 482 2192 quamquam
496 2104 543 2170 ita
558 2111 636 2171 suut
652 2104 689 2170 in
710 2112 880 2193 promptu,
898 2111 936 2171 ut
958 2127 1009 2172 res
1031 2104 1201 2194 disputa-6

160 2210 261 2276 'tione
275 2231 342 2275 non
359 2214 463 2294 egeat,
475 2214 584 2274 tamen
601 2214 679 2274 sunt
693 2228 713 2273 a
727 2208 822 2275 nobie
837 2207 902 2275 alio
912 2207 985 2275 loco
996 2207 1172 2295 disputata.

171 2311 245 2378 Hae
261 2310 454 2398 disciplinae
470 2310 575 2397 igitur
589 2311 616 2377 si
634 2311 698 2376 sibi
716 2319 953 2379 consentaneae
971 2311 1077 2377 velint
1095 2333 1174 2393 esse,

171 2415 213 2480 de
234 2413 342 2481 officio
364 2411 450 2478 nihil
463 2415 590 2500 queant
611 2413 730 2498 dicere,
749 2435 858 2502 neque
879 2413 947 2479 nlla
965 2413 1065 2480 oflicii
1088 2435 1175 2500 prae-

133 2524 267 2604 meepta
283 2515 390 2599 firma,
413 2515 551 2600 stabilia,
575 2518 750 2584 coniuncta
772 2524 908 2582 naturae
929 2515 1015 2582 tradi
1038 2525 1175 2603 possunt

171 2620 235 2685 nisi
249 2627 306 2685 aut
320 2619 362 2685 ab
376 2618 427 2703 iis,
439 2618 498 2706 qui
514 2618 626 2703 solam,
642 2627 700 2686 aut
715 2619 756 2685 ab
770 2619 821 2702 iis,
834 2619 892 2705 qui
907 2617 1051 2684 maxime
1062 2617 1176 2683 hones·

170 2729 272 2788 tatem
287 2729 425 2810 propter
438 2743 472 2788 se
484 2721 594 2790 dicant
606 2721 836 2809 expetendam.
869 2719 922 2784 Ita
933 2720 1066 2806 propria
1078 2728 1127 2785 est
1138 2741 1177 2785 ea

171 2820 1175 2912 praeceptioStoicorum,Academicorum,Peripateticorum,

171 2928 328 3016 qnoniam
350 2927 528 3011 Aristonis,
548 2925 744 3014 Pyrrhonis,
766 2923 863 2990 Erilli
884 2923 950 2990 iam
973 2923 1101 3011 pridem
1123 2945 1176 2990 ex·

134 3031 263 3118 erplosa
277 3031 441 3098 sententia
458 3037 527 3114 est3
550 3029 608 3116 qui
624 3036 735 3094 tamen
753 3026 913 3094 baberent
928 3027 981 3093 ius
998 3048 1095 3093 suum
1113 3027 1176 3094 die

171 3132 312 3222 putandi
330 3131 372 3198 de
387 3132 504 3216 officio,
522 3132 550 3198 si
567 3153 678 3198 rernm
696 3130 841 3218 aliquem
856 3129 1015 3197 dilectum
1029 3130 1176 3218 reliquie

171 3244 254 3320 sent,
270 3241 308 3302 ut
323 3235 363 3302 ad
379 3235 479 3302 officii
494 3234 722 3301 inventionem
734 3233 842 3300 aditus
857 3242 950 3300 esset.
992 3233 1176 3322 Sequemur

170 3341 275 3428 igitur
288 3340 352 3406 hoo
367 3339 502 3426 quidem
514 3345 663 3426 tempore
674 3345 708 3403 et
719 3336 826 3403 bacin
842 3337 1034 3424 quaestione
1048 3337 1176 3424 potissi·

170 3467 265 3510 mum
280 3443 408 3510 Stoicos
422 3463 489 3507 uon
505 3450 544 3507 ut
557 3442 763 3528 interpretes,
775 3439 843 3523 sed,
855 3447 893 3504 ut
905 3439 1058 3521 solemus,
1071 3461 1090 3505 e
1104 3439 1176 3506 fou-

134 3573 161 3614 ao
171 3548 260 3613 tibus
271 3544 521 3612 eorumiudicio
530 3544 731 3631 arbitrioque
741 3549 862 3625 nostr0,
873 3550 1034 3629 quantum
1044 3563 1176 3630 quoque

170 3648 271 3715 modo
287 3647 464 3729 uidebitur,
479 3645 677 3712 hauriemus.

214 3749 330 3818 Placet
354 3749 473 3836 igitur,
491 3750 647 3836 quoniam
662 3747 781 3815 'omnis
803 3747 983 3835 disputatio
1005 3748 1048 3813 de
1069 3747 1202 3813 officiet
