2710 4374
169 368 211 432 80
559 365 610 418 ne
632 365 785 420 orrrcus

168 516 203 582 in
230 517 402 586 scribendo
427 537 545 604 operae
569 536 778 604 poneremus,
796 514 917 582 deinde
941 515 1023 604 ipsis
1047 517 1175 605 seriptis

168 640 235 685 non
250 640 298 702 ea,
310 641 394 707 quae
409 641 507 702 nunc,
520 620 577 685 sed
587 619 732 685 actiones
746 625 873 684 nostras
888 619 1126 702 mandaremus,
1138 627 1175 686 ιιι

168 742 265 808 saepe
281 721 432 788 fecimus.
478 721 565 788 (lum
582 728 692 788 autem
712 742 764 789 res
778 720 921 808 publiea,
933 721 968 785 in
987 742 1054 808 qua
1071 723 1175 788 omnis

168 845 242 890 mea
259 845 347 908 orna,
359 824 524 911 cogitatio,
536 845 637 912 opera
654 824 735 911 poni
752 823 887 906 solebat,
900 823 992 889 nulla
1008 832 1094 890 esset
1111 847 1176 890 om-

167 927 258 1010 nino,
267 927 344 993 illae
358 927 482 994 scilieet
492 927 622 994 litterae
637 926 867 994 conticuerunt
877 927 1025 993 forenses
1039 936 1074 993 et
1088 949 1176 994 sena·
1198 952 1215 991 s

139 1030 280 1096 ttoriae.
325 1029 422 1096 Nihil
439 1051 536 1117 agere
554 1038 666 1096 antem
684 1050 758 1096 curn
777 1029 908 1095 animus
925 1051 992 1095 non
1009 1039 1130 1118 posset,
1142 1032 1174 1096 in

167 1131 220 1198 his
241 1133 360 1198 studiis
381 1134 422 1199 ab
443 1133 541 1199 initio
563 1140 710 1200 versatus
731 1132 847 1198 aetatis
870 1132 1057 1198 existimavi
1080 1133 1178 1200 hone

167 1235 308 1302 atissime
323 1235 488 1303 molestias
506 1257 601 1324 posse
615 1235 748 1322 deponi,
759 1235 787 1302 si
805 1245 867 1301 me·
877 1235 918 1301 ad
933 1235 1176 1323 philosophiam

167 1337 378 1406 rettulissem.
434 1338 499 1405 Oui
527 1359 605 1404 oum
634 1336 779 1404 multum
808 1336 999 1404 adulescens
1028 1338 1176 1406 discendi

166 1451 264 1508 cansa
287 1442 446 1529 temporis
471 1440 670 1523 tribuissem,
689 1449 903 1528 posteaquam
924 1439 1105 1512 honoribus
1131 1441 1215 1508 iuro

166 1544 289 1612 servire
303 1545 398 1632 eoepi
413 1565 534 1631 meque
548 1551 656 1612 totum
671 1543 720 1610 rei
735 1541 886 1630 publicae
901 1542 1034 1626 tradidi,
1046 1551 1176 1610 tantum

166 1654 236 1714 erat
253 1639 481 1735 philosophiae
498 1646 573 1730 loci,
584 1653 746 1733 qnantum
768 1645 977 1734 superfuerat
995 1647 1176 1714 amicorum

166 1757 200 1816 et
217 1750 266 1816 rei
283 1749 435 1837 publicae
457 1750 681 1836 temporibus;
702 1748 739 1814 id
756 1756 867 1815 antem
888 1770 988 1816 omne
1009 1771 1178 1822 consume·

135 1812 264 1958 {batur
280 1852 316 1917 in
333 1851 485 1939 legendo,
500 1849 666 1920 scribendi
683 1851 788 1918 otium
807 1871 875 1917 non
896 1858 975 1917 erat.
1018 1849 1178 1920 Maximis

166 1953 270 2039 igitur
286 1953 322 2020 iu
337 1953 432 2018 malis
449 1952 512 2020 hoe
530 1961 641 2020 tamen
657 1952 735 2020 boni
753 1952 893 2021 assecuti
907 1952 1070 2037 ridemur,
1082 1962 1121 2020 ut
1139 1977 1176 2027 ea
1187 1969 1214 2012 1⁶

165 2053 286 2122 litteris
305 2055 544 2139 mandaremus,
559 2077 644 2142 quae
666 2077 728 2124 nee
747 2062 841 2122 erant
860 2055 938 2122 satis
959 2064 1039 2124 nota
1056 2057 1176 2124 nostris

166 2166 201 2226 et
225 2163 319 2225 erant
341 2158 530 2244 eognitione
554 2159 756 2246 dignissima.
810 2158 901 2238 Quid
923 2159 1012 2225 enim
1038 2166 1204 2246 estper,

165 2259 254 2343 deos,
272 2260 451 2347 optabilius
475 2261 644 2348 sapientia,
663 2261 745 2349 quid
766 2261 994 2348 praestantius,
1012 2261 1094 2348 quid
1119 2260 1177 2328 ho

166 2362 250 2428 mini
272 2362 400 2447 melius,
415 2363 497 2450 qnid
519 2363 654 2432 homine
676 2363 832 2452 digninsl
875 2363 974 2432 Hane
995 2365 1100 2452 igitur
1116 2364 1175 2450 qui

166 2472 338 2554 expetunt,
354 2464 543 2553 philosophi
565 2466 789 2550 nominantur,
805 2488 866 2534 neo
884 2467 1062 2554 quiequam
1085 2466 1212 2535 aliudm

165 2575 216 2636 est
238 2567 456 2656 philosophia,
474 2569 503 2634 si
528 2569 740 2656 interpretari
760 2568 855 2653 velis,
873 2578 1003 2656 praeter
1027 2569 1175 2646 studium

165 2672 354 2760 sapientiae.
400 2671 569 2760 Sapientia
587 2681 700 2762 autem
718 2678 777 2753 est,
793 2679 832 2738 ut
849 2693 869 2737 a
887 2672 1054 2739 veteribus
1072 2671 1177 2759 philo-

164 2775 278 2863 sophis
297 2773 474 2843 definitum
490 2782 675 2858 astrorum
694 2774 884 2840 divinarum
903 2783 938 2840 et
954 2773 1175 2850 humanarum

165 2899 412 2964 causarumque,
420 2877 541 2964 qnibns
551 2897 609 2943 eae
621 2897 671 2943 res
682 2876 905 2960 eontinentur,
912 2876 1067 2960 seientia;
1081 2876 1176 2943 ouius

166 2980 313 3046 studium
326 2979 384 3065 qni
397 2980 572 3066 vituperat,
582 2979 672 3046 haud
683 2999 761 3046 sane
772 2978 940 3066 intellego,
950 2979 1109 3066 quidnam
1121 2979 1175 3062 sit,
1184 2998 1211 3038 aa

139 3083 254 3166 equod
269 3080 469 3146 laudandum
480 3088 589 3168 putet,
631 3080 721 3148 Nam
736 3081 808 3152 sive
818 3081 995 3150 oblectatio
1006 3082 1178 3168 quaeritur

166 3182 270 3248 animi
291 3181 487 3268 requiesque
507 3194 671 3266 eumaem,
686 3205 772 3271 qnae
795 3183 940 3250 conferri
962 3205 1037 3249 oum
1060 3205 1177 3249 eorum

166 3284 285 3352 studiis
296 3292 414 3372 potest,
424 3285 483 3372 qui
497 3307 629 3374 semper
643 3286 770 3375 aliquid
780 3286 972 3372 anquirunt,
982 3285 1073 3372 quod
1088 3307 1178 3372 speo-

166 3394 216 3453 tet
237 3397 273 3454 et
293 3387 401 3453 valeat
423 3389 466 3454 ad
483 3389 567 3456 bene
589 3390 751 3475 beateque
772 3388 974 3455 vivenduml
999 3389 1071 3454 siro
1092 3389 1177 3453 ratio

166 3490 370 3580 constantiae
394 3489 593 3578 virtutisque
619 3491 762 3574 ducitur,
784 3499 842 3556 ant
864 3489 944 3569 haee
970 3511 1023 3568 ars
1047 3497 1099 3567 est
1120 3498 1209 3554 auto

166 3590 259 3658 nulla
277 3591 499 3679 omnino,'per
516 3615 615 3679 quarn
636 3614 690 3659 aas
709 3609 931 3680 assequamur.
973 3590 1009 3658 N
1012 3591 1113 3657 ullam
1132 3591 1176 3657 di·

166 3715 492 3786 ooromaxumarum
512 3715 623 3762 rernm
645 3703 750 3762 artem
772 3716 852 3779 esse,
866 3713 944 3762 oum
961 3694 1176 3760 minimarum
