2710 4374
399 393 469 446 ιιι.
487 393 525 446 ιι.
560 392 640 444 ιιι.
655 393 714 446 ιι.
750 391 765 455 ι
783 393 870 446 mm.
1094 395 1137 462 85

120 543 289 632 quaedam
300 541 472 624 hominum
486 564 607 632 genera
621 565 692 610 esse
702 551 906 632 consumpta,
917 544 1036 612 deinde
1048 565 1137 611 eom·

120 653 231 736 parat,
243 653 368 733 quanto
384 645 495 734 plures
512 645 614 712 deleti
631 648 699 714 sint
715 646 867 714 homines
884 646 1059 714 hominum
1076 647 1137 713 im·

119 757 217 836 petu,
233 749 270 814 id
287 757 337 814 est
355 748 449 816 bellis
467 757 526 816 ant
541 749 768 834 seditionibus,
781 769 880 838 quam
899 751 991 817 omni
1008 749 1137 837 reliqua

120 851 321 918 calamitate.

95 954 337 1022 ⁶'Oumt
275 955 321 1041 1gi
324 961 380 1020 tur
395 953 451 1021 hic
468 954 559 1022 locus
576 955 661 1020 nihil
678 954 796 1022 habeat
814 955 1038 1046 dubitationis,
1054 956 1182 1049 quinll

120 1057 278 1122 homines
292 1045 476 1144 plurimum
490 1056 682 1124 homiuibus
695 1064 730 1124 et
744 1057 871 1145 prosint
886 1065 920 1124 ct
935 1057 1045 1125 obsint
1031 1065 1137 1146 t-‚pro

120 1159 238 1246 prium
253 1159 362 1224 huet
333 1165 382 1224 ιιι
364 1166 442 1226 etue
459 1181 528 1226 esse
544 1159 687 1243 virtutis,
698 1159 872 1226 conciliare
890 1161 1017 1228 animos
1031 1160 1135 1228 horni-

121 1283 208 1328 num
224 1261 315 1329 etad
331 1283 407 1328 usus
425 1283 500 1328 suos
517 1263 704 1350 adiungere.
748 1261 876 1350 Itaque,
888 1285 973 1351 quae
986 1264 1022 1328 in
1038 1265 1137 1332 rebus

121 1363 284 1430 inanimis
301 1385 451 1452 quaeque
467 1365 503 1430 in
521 1387 584 1432 usu
601 1376 636 1433 et
650 1367 843 1432 tractatione
862 1366 1033 1432 beluarum
1050 1366 1137 1432 fiunt

85 1465 313 1548 mutiliterad
332 1466 505 1534 hominum
525 1468 637 1551 vitam,
652 1468 779 1538 artibus
798 1486 836 1534 ea
855 1469 1047 1538 tribuuntur
1063 1489 1138 1555 ope·

122 1569 220 1654 rosis,
238 1569 413 1638 homiuum
435 1578 556 1644 autem
569 1571 680 1637 studia
704 1571 746 1636 ad
768 1570 1058 1658 amplificationem
1080 1593 1139 1638 no·

104 1667 270 1738 ‘strarurn
291 1695 402 1746 rernm
420 1683 575 1762 prompta
596 1695 634 1740 ac
655 1681 768 1760 parata
792 1674 952 1758 [virorum
975 1682 1137 1762 praestan·

122 1774 228 1860 tium]
252 1775 381 1862 sapient
382 1776 413 1842 ia
434 1783 469 1841 ιι
490 1777 614 1842 virtute
636 1777 781 1842 excitant
783 1797 831 1842 ur.
875 1775 1010 1844 Etenim
1032 1777 1186 1844 virtuale

123 1877 238 1944 omnis
255 1878 388 1944 tribus
378 1900 413 1942 ιιι
429 1879 527 1944 rebus
544 1879 616 1944 iere
629 1899 690 1944 ιιι
691 1878 782 1961 titur,
795 1899 933 1965 quarum
953 1901 1019 1947 uua
1036 1880 1112 1947 est
1102 1901 1136 1945 ιιι

87 2004 115 2048 ιι
125 1980 368 2068 perspiciendo,
387 1981 526 2074 quidm
549 2001 679 2068 quaque
704 2002 740 2046 re
766 2002 882 2046 verum
908 1982 1139 2069 sincerumque

125 2083 170 2149 sit
171 2083 273 2170 ,qnid
289 2091 546 2149 consentaneum
561 2083 690 2170 cuique,
700 2083 780 2171 quid
792 2104 1005 2172 consequens,
1015 2105 1056 2150 ex
1071 2105 1138 2171 quo

125 2207 280 2275 quaeque
294 2187 484 2273 gignantur,
495 2207 579 2272 quae
593 2187 751 2274 cuiusque
762 2186 810 2255 rei
826 2208 921 2254 causa
934 2187 987 2270 sit,
997 2187 1138 2254 alterurn

126 2287 283 2356 cohibere
298 2297 408 2360 motus
422 2289 524 2355 animi
538 2289 696 2372 turbatae,
705 2310 788 2376 quos
803 2289 921 2357 Graeci
935 2290 1021 2371 πάθη
1036 2291 1141 2356 nomi·

127 2399 221 2476 nant,
237 2393 532 2480 appetitionesqne,
547 2413 628 2478 quas
647 2391 703 2458 illi·
716 2395 829 2482 ὁρμάς,
844 2393 1055 2462 oboedientes
1075 2391 1141 2462 offi-

90 2515 204 2562 secere
225 2495 357 2579 rationi,
376 2495 512 2562 tertium
534 2495 585 2580 iis,
601 2495 798 2582 quibuscum
820 2517 1071 2583 congregemur,
1089 2495 1140 2561 uti

127 2598 299 2665 moderate
321 2607 356 2664 ιι
376 2599 527 2681 scienter,
545 2617 687 2685 quorum
709 2598 827 2664 studiis
852 2619 899 2680 ea,
918 2619 1003 2684 quae
1023 2604 1142 2663 natura

128 2699 305 2784 desiderat,
320 2700 454 2788 expleta·
468 2701 700 2788 cumulataque
717 2701 906 2782 habeamus,
922 2720 982 2786 per
998 2698 1143 2764 eosdem-

126 2825 206 2891 que,
218 2805 246 2868 si
265 2803 345 2890 qnid
360 2805 558 2892 importetur
575 2804 671 2870 nobis
688 2801 900 2884 incommodi,
912 2799 1143 2888 propulsemus

130 2903 392 3006 ulciscamurque
412 2929 478 2991 eos,
494 2908 552 2994 qui
570 2927 688 2974 nocere
705 2905 801 2972 nobis
821 2904 930 2970 conati
948 2903 1024 2986 sint,
1040 2909 1143 2968 tanta-

95 3029 198 3096 mque
213 3030 320 3096 poena
337 3009 537 3094 adiiciamus,
549 3015 653 3096 quant
654 3029 708 3074 am
717 3008 837 3096 aequit
837 3028 874 3074 ιι
889 3005 1142 3095 humanitasque

130 3133 175 3200 pa
175 3111 268 3178 titur.
314 3112 444 3190 Quibus
461 3119 579 3178 autem
587 3111 770 3178 rationibus
784 3111 869 3179 hauc
885 3109 990 3178 facult
977 3117 1079 3180 tatem
1096 3131 1142 3177 as·
1153 3067 1190 3214 1⁶9

130 3214 456 3302 sequipossimus,ut
419 3199 680 3282 uthomiuumst
683 3213 932 3302 udiacomplect
933 3235 1143 3300 amurcaque

131 3324 315 3401 teneamus,
324 3316 481 3402 dicemus,
489 3336 597 3404 neque
608 3317 655 3382 ita
666 3315 773 3383 multo
784 3325 868 3404 post,
879 3317 936 3384 sed
948 3337 1051 3404 pauca
1065 3323 1143 3382 aute

131 3418 273 3486 dicenda
289 3425 376 3484 ιιιιιι.
421 3417 579 3506 Magnam
594 3419 663 3488 vim
682 3440 752 3486 esse
768 3419 804 3484 in
819 3418 955 3486 fortuna·
971 3418 1007 3484 in
1023 3425 1143 3484 utram·

97 3543 197 3609 nque
219 3528 361 3609 partem,
373 3521 427 3598 vel
444 3522 601 3589 secundas
623 3521 664 3587 ed
682 3543 734 3587 res
757 3521 810 3598 vel
828 3522 989 3603 adversas,
1006 3521 1079 3606 quis
1096 3519 1144 3606 ig·

130 3624 251 3690 noratl
294 3621 385 3690 Nam
407 3631 451 3708 et,
469 3645 546 3692 oum
567 3645 725 3712 prospero
746 3621 828 3691 flatu
854 3626 924 3690 eiua
946 3624 1082 3705 utimur,
1101 3622 1144 3688 ad

129 3727 243 3796 exitus
259 3725 474 3815 pervehimur
494 3733 623 3817 optatos
644 3734 688 3812 et,
704 3747 781 3794 cum
801 3725 940 3810 reflavit,
955 3722 1143 3810 affligimur.
