2734 4362
462 402 531 456 LIB.
550 405 572 456 I.
609 404 687 456 CAP.
707 405 765 456 2-4.
801 403 816 466 ξ
834 406 906 456 7-12,
1141 406 1188 470 ·15

179 555 398 621 videturesse
414 554 515 637 utile3
537 575 613 620 cum
632 555 723 620 enim
741 554 867 620 utilitas
884 554 926 620 cd
943 552 1187 640 semperque

180 666 289 723 nestas
314 666 429 723 contra
454 678 606 723 revocare
628 656 670 722 ad
693 677 727 722 se
749 656 891 739 videtur,
910 655 949 721 fit
971 663 1009 720 ut
1032 654 1187 721 distraha-

181 771 236 828 tur
246 764 280 827 in
298 762 510 829 deliberando
526 761 656 828 animus
671 763 865 848 adferatque
879 761 1059 848 ancipitem
1074 783 1185 828 curam

180 865 358 951 cogitandi.
392 859 465 931 Hac
477 865 648 946 divisione,
659 886 734 929 cum
747 864 925 951 praeterire
936 861 1062 950 aliquid
1075 876 1233 932 maxa-10

155 989 273 1032 amram
291 967 410 1032 vitium
429 967 465 1031 in
483 966 664 1032 dividendo
681 968 734 1048 sit,
750 966 817 1032 duo
839 967 1070 1053 praetermissa
1093 977 1185 1052 suut3

180 1091 242 1136 nec
256 1070 345 1135 enim
360 1069 468 1135 solum
486 1078 598 1135 utrum
620 1070 797 1137 honestum
819 1091 861 1134 au
880 1078 978 1156 turpe
996 1071 1049 1154 sit,
1067 1072 1186 1138 delibo-

179 1175 245 1241 rari
263 1174 356 1254 solet,
372 1175 429 1242 sed
447 1177 545 1242 etiam
564 1176 692 1242 dnobus
711 1175 888 1263 propositis
908 1175 1055 1244 honestis
1073 1186 1184 1244 utrum

179 1278 360 1360 honestius,
382 1278 530 1364 itemque
552 1277 681 1344 duobus
705 1277 882 1364 propositis
909 1279 1046 1346 utilibus
1073 1289 1185 1346 utrum

179 1380 303 1446 utilius.
341 1379 404 1464 Ita,
416 1402 515 1467 quam
531 1379 588 1445 ille
603 1379 768 1466 triplicem
785 1382 915 1467 putavit
930 1402 999 1448 esse
1013 1384 1184 1466 rationem,

142 1503 171 1543 ιο
181 1483 215 1547 ἱιι
231 1483 378 1569 quinque
392 1490 502 1570 partes
517 1481 671 1547 distribui
686 1480 805 1547 debere
820 1483 992 1569 reperitur.
1032 1484 1185 1550 Primum

180 1584 284 1671 igitur
299 1593 347 1650 est
365 1585 406 1650 de
425 1581 574 1666 honeste,
590 1583 647 1648 sed
669 1583 856 1670 dupliciter,
873 1594 945 1650 tum
968 1587 1039 1672 pari
1061 1587 1186 1654 ratione

181 1688 223 1753 dc
238 1687 323 1769 utili,
339 1683 414 1774 post
429 1687 471 1753 de
487 1686 731 1774 comparatione
747 1709 860 1753 eorum
876 1687 1112 1756 disserendum.

224 1789 395 1876 Principio
417 1789 532 1876 generi
551 1789 771 1854 animantium
794 1791 885 1856 omni
903 1798 953 1856 est
967 1812 986 1856 a
1001 1801 1118 1858 natura
1132 1761 1231 1904 tri-lli

180 1892 309 1975 butum,
337 1899 375 1957 ut
400 1913 444 1975 se,
473 1893 578 1957 vitam
601 1913 787 1980 corpusque
810 1899 951 1976 tueatur,
974 1893 1117 1962 declinet
1138 1918 1185 1980 ea,

141 2017 265 2083 requae
279 1996 428 2062 nocitura
441 1995 625 2079 videantur,
640 1995 825 2082 omniaque,
838 2017 921 2082 quae
936 1997 1002 2062 siut
1017 1998 1058 2064 ad
1073 2000 1186 2066 viven-

181 2097 260 2165 dum
277 2101 470 2184 necessaria,
485 2101 638 2189 anquirat
655 2109 689 2165 et
711 2107 813 2187 paret,
831 2107 870 2164 ut
891 2108 1032 2187 pastum,
1055 2111 1094 2168 ut
1116 2103 1186 2168 lati-

180 2202 268 2286 bula,
282 2213 321 2270 ut
335 2204 398 2270 alia
413 2205 543 2292 generis
559 2203 716 2270 eiusdem.
751 2202 934 2269 Commune
945 2205 1026 2270 item
1042 2207 1186 2272 animan·

183 2307 266 2371 tium
295 2308 446 2374 omniurn
470 2315 521 2374 est
543 2305 783 2374 coniunctionis
805 2305 971 2392 adpetitus
994 2310 1186 2393 procreandi

179 2430 275 2475 causa
286 2417 319 2476 et
331 2432 409 2476 cura
423 2411 584 2498 quaedam
602 2431 726 2491 eorum,
737 2429 820 2494 quac
831 2417 999 2495 procreata
1014 2419 1110 2494 suut3
1129 2412 1186 2477 sed

142 2512 269 2579 eointer
285 2512 454 2581 hominem
473 2524 508 2582 et
529 2515 661 2582 beluam
684 2512 913 2584 hocuraxime
935 2512 1186 2601 inte1·est,quod

180 2613 260 2682 haec
284 2625 425 2700 tautum,
449 2626 620 2705 quantum*
639 2637 736 2682 sensu
759 2622 923 2696 movetur,
946 2614 987 2678 ad
1010 2615 1045 2679 id
1067 2617 1184 2699 solum,

180 2717 270 2804 quod
285 2719 376 2784 adest
390 2721 545 2806 quodque
560 2740 714 2806 praeseus
732 2724 791 2798 est,
807 2737 842 2780 se
864 2716 1088 2782 accommodat
1109 2739 1185 2803 pau-

180 2819 250 2886 lum
262 2821 438 2888 admodum
452 2823 595 2887 sentiens
607 2820 821 2908 praeteritum
836 2825 892 2882 aut
902 2816 1070 2902 futurum3
1085 2818 1185 2887 homo

181 2931 302 3006 autem,
327 2925 415 3011 quod
442 2924 579 2990 rationis
605 2932 654 2989 est
681 2923 854 3010 particeps,
877 2942 938 3008 per
960 2941 1058 3007 quam
1078 2944 1185 2990 conse-

145 3027 315 3111 aaquentia
330 3029 443 3111 cernit,
460 3049 570 3094 causas
585 3049 695 3092 rerum
714 3026 808 3092 videt
826 3046 1004 3112 earumque
1021 3047 1184 3114 praegres-

180 3148 234 3192 sus
259 3137 293 3194 et
316 3130 410 3216 quasi
433 3130 670 3196 antecessiones
692 3151 759 3195 non
785 3131 927 3217 ignorat,
952 3129 1185 3196 similitudines

179 3242 348 3318 comparat
363 3235 525 3320 rebusque
540 3233 767 3320 praesentibus
782 3233 934 3319 adiungit
953 3240 1053 3318 atque
1071 3233 1185 3298 adnec-

179 3333 223 3398 tit
237 3333 377 3418 futuras,
394 3335 492 3401 facile
508 3335 609 3400 totius
627 3336 715 3401 vitae
730 3357 860 3401 cursum
879 3335 971 3401 videt
989 3337 1030 3401 ad
1046 3358 1184 3422 eumque

178 3433 361 3521 degendam
378 3445 548 3525 praeparat
563 3459 615 3502 res
629 3438 831 3504 necessarias.
861 3436 1052 3525 Eademque
1067 3447 1184 3504 natura
1195 3451 1230 3503 12

143 3559 170 3599 aa
180 3537 214 3600 vi
229 3539 363 3605 rationis
378 3539 545 3606 hominem
562 3541 716 3605 conciliat
730 3539 857 3606 homiui
872 3541 962 3606 etad
977 3543 1136 3609 orationis
1151 3552 1184 3608 et

178 3639 320 3706 advitae
334 3643 523 3708 societatem
536 3642 773 3729 ingeneratque
788 3643 822 3706 in
836 3643 952 3728 primis
967 3647 1181 3732 praecipuum

178 3743 343 3827 quendam
361 3766 506 3810 amorem
529 3743 564 3808 iu
584 3765 648 3827 eos,
667 3745 725 3830 qni
743 3745 904 3830 procreati
926 3753 1014 3827 sunt,
1031 3747 1181 3832 impellit·
