2710 4374
204 419 267 482 110
594 417 645 470 DE
667 417 821 472 osricus

203 591 271 635 nou
289 568 388 635 modo
404 575 501 657 turpe
516 576 575 653 est,
588 569 645 636 sed
660 569 854 637 sceleratum
868 571 970 637 etiam
985 577 1020 637 et
1034 571 1201 639 nefarium.

204 670 332 758 Itaque,
350 672 440 760 quod
456 672 580 760 Apollo
598 671 744 759 Pythius
761 674 906 742 oraclum
925 673 1041 758 edidit,
1058 661 1203 762 Spartam

204 773 295 840 nulla
309 795 345 840 ro
360 774 423 840 alia
435 775 498 840 uisi
512 775 650 840 avaritia
661 797 730 842 esse
742 777 933 863 perituram,
946 777 980 842 id
995 777 1131 842 videtur
1145 799 1204 844 non

203 877 309 944 solum
328 876 603 959 Lacedaemoniis,
619 877 787 944 sedetiam
803 880 957 946 omuibus
971 879 1143 966 opulentis
1159 903 1205 967 po

203 981 290 1066 pulis
312 981 520 1068 praedixisse.
564 979 668 1046 Nulla
689 991 801 1047 autem
824 1003 859 1047 rc
881 982 1058 1048 conciliare
1080 982 1231 1049 faciliuss

203 1082 459 1150 benivolentiam
475 1083 701 1150 multitudinis
715 1093 853 1172 possunt
867 1085 901 1166 ii,
917 1085 976 1173 qui
993 1085 1043 1150 rei
1060 1085 1206 1170 publicae

156 1198 193 1257 78
203 1193 366 1272 praesunt,
382 1207 480 1272 quam
504 1187 702 1252 abstinentia
723 1196 758 1253 et
779 1188 993 1254 continentia.
1039 1187 1111 1266 Qui
1135 1209 1206 1254 vero

201 1309 236 1353 se
253 1287 427 1375 populares
449 1289 567 1356 volunt
589 1290 631 1356 ob
654 1311 793 1377 eamque
815 1311 944 1357 causam
966 1297 1024 1356 aut
1046 1291 1205 1377 agrariam

202 1412 271 1457 rem
287 1397 461 1478 temptant,
474 1401 512 1456 ut
526 1413 724 1479 possessores
738 1393 904 1480 pellantur
918 1393 986 1459 suis
996 1393 1143 1475 sedibus,
1155 1403 1207 1458 aut

203 1495 357 1582 pecunias
372 1494 512 1560 creditas
523 1495 727 1564 debitoribus
738 1495 970 1562 condonandas
981 1504 1114 1583 putant,
1127 1496 1206 1562 labe·
1212 1519 1232 1560 ιι

202 1597 329 1663 iactant
346 1596 563 1663 fundamenta
579 1598 627 1663 rei
646 1598 807 1685 publicae,
824 1599 1032 1666 concordiam
1050 1599 1204 1686 primum,

202 1723 286 1788 quae
308 1723 377 1768 essa
399 1722 465 1766 non
488 1708 606 1787 potest,
625 1723 702 1766 cum
724 1701 797 1767 aliis
818 1701 1020 1784 adimuntur,
1039 1702 1114 1767 aliis
1137 1724 1206 1767 con-

203 1806 368 1871 donantur
393 1805 562 1891 pecuuiae,
589 1804 710 1871 deinde
732 1805 942 1892 aequitatem,
969 1825 1053 1890 quae
1081 1804 1206 1870 tollitur

203 1907 320 1990 omnis,
336 1909 363 1973 si
380 1907 499 1975 habere
516 1929 612 1973 snum
631 1909 751 1994 cuique
770 1929 835 1973 non
855 1907 941 1973 licet.
986 1906 1027 1972 Id
1046 1907 1137 1972 enirn
1160 1915 1205 1972 est

203 2011 440 2096 proprium,ut
463 2011 661 2098 supradixi,
686 2011 829 2077 civitatis
853 2019 953 2098 atque
976 2011 1078 2093 urbis,
1103 2020 1142 2076 ut
1166 2011 1233 2075 situ

157 2119 194 2180 79
205 2113 306 2180 libera
321 2123 355 2178 et
370 2135 435 2179 non
454 2115 594 2181 sollicita
610 2136 687 2181 suae
705 2114 753 2180 rei
771 2115 929 2200 cuiusque
945 2113 1104 2180 custodia.
1149 2115 1206 2180 At

204 2216 318 2302 quein
335 2215 617 2304 hucpernioierei
636 2217 786 2306 publicae
808 2239 850 2282 ue
873 2216 963 2282 illam
981 2217 1118 2304 quidem
1138 2238 1206 2283 con·

204 2313 396 2406 sequnntur,
411 2341 511 2406 quam
527 2329 655 2408 putant,
671 2320 830 2409 gratiam3
853 2339 929 2384 narn
950 2321 1005 2385 cui
1028 2339 1080 2386 res
1098 2308 1207 2408 erepta

204 2431 264 2505 est,
280 2430 329 2488 est
343 2422 507 2507 inimicus,
523 2425 577 2491 cui
592 2425 668 2491 data
686 2431 744 2508 est,
760 2423 859 2489 etiarn
878 2422 1115 2488 dissimulat-se
1130 2423 1207 2489 uoci·

204 2547 283 2614 pere
302 2525 442 2592 voluisse
460 2535 494 2592 et
518 2528 660 2593 maxime
682 2527 717 2592 in
740 2525 891 2614 pecuniis
911 2525 1046 2591 creditis
1067 2525 1235 2592 occultata

205 2651 300 2696 suum
325 2629 493 2717 gaudium,
513 2651 555 2695 ne
579 2630 732 2695 videatur
754 2649 821 2694 non
845 2627 949 2694 fuisse
974 2627 1152 2711 solvendo;
1176 2635 1207 2692 at

204 2755 284 2799 vcro
300 2733 364 2815 illc,
381 2734 438 2820 qui
461 2732 586 2820 accepit
608 2732 773 2814 iniuriam,
789 2738 823 2796 et
845 2730 999 2796 meminit
1020 2738 1054 2797 et
1076 2753 1155 2818 prae
1175 2752 1207 2795 se

205 2837 272 2903 icrt
294 2837 441 2904 dolorem
463 2859 571 2919 suum,
594 2857 665 2918 nec,
689 2835 716 2900 si
737 2835 849 2922 plures
871 2841 948 2899 sunt
966 2833 1001 2918 ii,
1020 2835 1142 2921 quibus
1164 2833 1208 2898 in-

205 2940 307 3024 probe
330 2939 444 3005 datum
466 2949 525 3024 est,
543 2960 644 3026 quam
666 2937 717 3002 illi
735 2938 855 3024 quibus
872 2936 995 3002 iniuste
1016 2937 1206 3024 ademptum

205 3049 265 3120 est,
288 3041 410 3106 idcirco
432 3042 507 3128 plus
521 3043 621 3108 etiam
639 3039 769 3120 valeut3
788 3059 854 3105 non
871 3039 959 3104 onim
976 3060 1116 3104 numero
1131 3037 1236 3104 haece

205 3141 403 3225 iudicantur,
421 3143 477 3208 sod
495 3144 651 3231 pondere.
696 3142 804 3220 Quam
823 3149 933 3206 autem
952 3140 1051 3206 habet
1069 3141 1207 3227 aequita-

206 3252 284 3325 tem,
308 3251 347 3308 ut
370 3266 486 3331 agrurn
511 3246 624 3312 multis
647 3246 742 3311 annis
767 3251 824 3310 aut
850 3244 950 3310 etiam
976 3243 1114 3310 saeculis
1135 3249 1207 3308 ante

207 3367 400 3434 possessum,
416 3349 474 3434 qui
497 3349 627 3414 nullum
651 3348 776 3430 habnit,
795 3347 921 3428 habeat,
945 3347 1002 3432 qui
1025 3354 1137 3412 autem
1158 3345 1208 3410 ha·

159 3408 202 3553 {g
211 3449 290 3530 buit,
303 3450 454 3516 amittatl
489 3451 542 3517 Ao
556 3459 691 3538 propter
704 3449 767 3516 hoc
781 3449 921 3514 iniuriae
935 3469 1041 3535 genus
1056 3447 1207 3513 Lacedae

209 3553 312 3617 monii
330 3552 535 3640 Lysandrum
555 3554 714 3640 ephorum
735 3551 943 3640 expulerunt,
959 3551 1065 3636 Agim
1088 3569 1237 3636 regemn
1350 3621 1351 3630 ἒ

208 3655 297 3743 quod
311 3677 491 3743 numquam
509 3666 605 3722 antea
622 3656 711 3742 apud
728 3677 784 3721 eos
805 3654 977 3736 acciderat,
1000 3660 1205 3732 necaverunt,

207 3781 315 3846 exque
329 3781 368 3826 eo
386 3767 537 3845 temporo
551 3765 661 3822 tantae
679 3756 860 3822 discordiae
874 3763 1004 3822 seontae
1022 3763 1110 3839 suut,
1126 3761 1162 3820 ut
1177 3761 1212 3818 et,
