2710 4374
205 379 268 447 124
596 381 648 434 DE
671 382 824 434 omens

206 532 372 623 quondam
388 533 580 615 vixerimus,
596 553 685 598 nuuc
699 530 870 619 fugientes
886 539 1099 620 conspectum
1117 532 1206 598 seele-

206 648 363 719 ratorum,
378 637 500 724 quibus
514 635 626 702 onmia
642 634 842 719 redundant,
860 635 1011 702 abdimus
1028 657 1099 718 nos,
1114 657 1208 720 quan-

207 751 279 806 tum
295 740 383 822 lieet,
399 748 433 806 et
447 760 544 826 saepe
555 737 616 804 soli
627 759 752 804 sumus.
784 737 850 804 Sed
865 739 943 825 quia
958 738 1004 803 sie
1018 737 1060 803 ab
1075 737 1212 802 homini·

208 845 270 909 bus
286 842 393 908 doctis
407 842 601 928 accepimus,
619 861 687 906 non
705 839 811 906 solum
830 861 872 906 ex
895 840 990 905 malis
1011 839 1137 927 eligere
1158 841 1213 904 mi-

207 947 298 1010 nima
313 951 475 1032 oportere,
490 942 547 1010 sed
562 943 663 1008 etiam
677 963 854 1029 excerpere
869 964 908 1008 ex
924 941 976 1008 his
990 943 1081 1028 ipsis,
1093 942 1121 1006 si
1137 942 1213 1028 quid
1230 967 1242 1006 r

208 1049 328 1113 inesset
351 1047 439 1129 boui,
458 1053 633 1133 propterea
650 1051 684 1110 et
702 1045 770 1110 otio
788 1044 892 1126 fruor,
908 1066 975 1110 nou
993 1045 1052 1109 illo
1069 1045 1214 1130 quidem,

207 1170 275 1236 quo
290 1149 430 1214 debebat
446 1149 482 1230 is,
498 1148 556 1234 qui
572 1147 740 1234 quondam
759 1147 941 1234 peperisset
956 1147 1062 1212 otium
1079 1147 1216 1229 civitati,

209 1273 271 1321 uec
291 1250 596 1318 e'am'solitudiue'm
618 1249 775 1337 languere
797 1249 915 1336 patior,
934 1270 1033 1336 quam
1057 1249 1143 1314 mi'hi
1165 1249 1218 1314 ad-

181 1355 276 1420 4tert
302 1354 485 1436 necessitas,
504 1375 572 1418 non
596 1352 760 1419 voluntas.
805 1352 1016 1440 Quamquam
1034 1351 1218 1418 Africanus

210 1459 366 1529 maiorem
378 1457 510 1522 laudem
522 1455 731 1522 meoiudicio
743 1457 984 1542 assequebatur.
1013 1455 1122 1520 Nulla
1131 1455 1216 1520 enim
1225 1478 1246 1516 a

209 1562 281 1628 eius
296 1560 422 1648 ingenii
438 1567 654 1626 monumenta
668 1559 824 1624 mandata
841 1559 970 1642 litteris,
986 1558 1121 1623 nullum
1138 1580 1218 1644 epus

209 1665 281 1747 otii,
296 1663 428 1729 nullum
442 1661 630 1728 solitudinis
645 1682 767 1728 rnunus
781 1669 908 1742 exstat3
930 1683 971 1726 ex
986 1682 1054 1748 quo
1069 1660 1219 1747 intellegi

210 1767 309 1834 debet
325 1765 421 1832 illum
436 1765 558 1832 mentis
572 1765 753 1851 agitatione
768 1764 1091 1850 investigationeque
1108 1785 1218 1830 earum

210 1891 332 1951 rerum,
352 1890 433 1956 quas
450 1867 625 1955 cogitando
640 1868 912 1954 consequebatur,
929 1888 988 1932 nec
1003 1867 1148 1932 otiosum
1159 1888 1220 1932 nec

211 1971 319 2044 solum
344 1991 502 2057 umquam
528 1969 651 2052 fuisse;
673 1991 734 2035 nos
761 1977 883 2050 autem,
910 1969 968 2056 qui
994 1990 1062 2034 nou
1089 1976 1252 2034 tantuma

211 2073 338 2148 roboris
356 2071 524 2154 habemus,
539 2081 579 2138 ut
596 2071 796 2158 cogitatione
818 2071 917 2138 tacita
934 2070 1148 2136 asolitudine
1169 2072 1221 2137 alr

212 2175 405 2258 strabamur,
431 2175 472 2240 ad
498 2174 771 2242 haucseribendi
798 2195 1052 2261 operamomne
1073 2174 1220 2239 studium

213 2299 390 2364 claramque
414 2277 647 2343 convertimus.
688 2275 810 2364 Itaque
834 2276 931 2364 plura
954 2277 1048 2342 brevi
1072 2286 1222 2364 tempore

213 2402 326 2448 eversa
337 2402 437 2468 quam
453 2379 568 2446 multis
582 2380 677 2446 annis
691 2389 799 2448 stante
817 2401 852 2444 re
870 2379 1002 2465 publiea
1020 2380 1221 2467 scripsimus.

214 2540 218 2546 .
256 2483 323 2552 Sed
348 2505 424 2550 cum
452 2490 521 2548 tota
542 2481 761 2569 philosophia,
780 2482 827 2546 rni
850 2481 978 2565 Cicero,
999 2481 1165 2568 frugifera
1185 2491 1257 2546 eta

214 2587 382 2653 fructuosa
396 2607 458 2652 neo
473 2585 540 2652 ulla
557 2607 631 2672 pars
649 2586 720 2652 eius
737 2584 862 2650 inculta
879 2607 916 2650 ac
934 2585 1063 2652 deserta
1080 2586 1132 2667 sit,
1148 2594 1223 2650 tum

214 2691 326 2758 nullus
340 2689 481 2756 feracior
494 2689 530 2760 in
546 2709 584 2754 ea
602 2687 692 2758 locus
707 2696 833 2754 estnec
851 2687 984 2754 uberior
998 2709 1099 2774 quam
1115 2688 1157 2753 de
1171 2689 1225 2754 of-

213 2792 306 2875 ficiis,
319 2814 338 2858 a
353 2792 474 2879 quibus
485 2797 673 2862 constanter
686 2789 889 2875 honesteque
902 2789 1037 2854 vivendi
1049 2798 1226 2876 praecepta

214 2896 392 2961 ducuntur.
438 2893 557 2975 Quare,
573 2913 774 2980 quamquam
790 2913 809 2956 a
824 2892 985 2979 Cratippo
999 2902 1121 2977 nostro,
1133 2895 1228 2980 priu-

214 2998 288 3083 cipe
314 2996 413 3062 huius
435 2995 613 3088 memoriae
635 2993 919 3082 philosophorum,
940 2994 1022 3062 haec
1039 3003 1073 3062 te
1095 2996 1261 3062 assiduare

215 3099 329 3164 audire
341 3107 440 3185 atque
455 3093 602 3186 accipere
614 3096 754 3180 confido,
766 3106 876 3164 tamen
889 3098 1072 3166 conducere
1082 3099 1229 3165 arbitror

215 3200 338 3272 talibus
355 3221 449 3270 aures
466 3209 539 3267 tuas
562 3201 699 3269 vocibus
720 3200 871 3288 undique
892 3200 1140 3285 circumsonare,
1162 3223 1231 3270 nee

188 3319 279 3388 oeae,
292 3303 322 3370 si
337 3302 409 3370 fieri
424 3304 537 3390 possit,
552 3303 730 3390 quicquam
745 3303 836 3370 aliud
857 3303 981 3372 audire.
1026 3303 1126 3382 Quod
1148 3325 1227 3370 cum

215 3406 370 3480 omnibus
393 3414 443 3472 est
468 3405 677 3490 faciendum,
692 3406 752 3494 qui
774 3406 876 3472 vitam
898 3405 1071 3472 honestam
1093 3409 1228 3494 ingredi

216 3508 372 3596 cogitant,
390 3515 465 3578 tum
485 3506 576 3574 haud
597 3509 664 3575 seio
686 3529 728 3574 au
747 3509 874 3574 nemini
891 3509 1002 3596 petius
1024 3531 1124 3595 quam
1147 3511 1263 3594 tibi3a

215 3612 357 3682 sustines
370 3613 462 3679 euim
476 3632 543 3678 nou
560 3623 696 3698 parvam
710 3613 973 3698 expectationem
988 3611 1167 3680 imitandae
1178 3615 1229 3681 in·

216 3716 364 3786 dustriae
383 3721 524 3796 nostrae,
547 3734 702 3800 maguam
724 3713 900 3797 honorum,
922 3725 988 3779 nou
1012 3713 1138 3782 nullam
1160 3715 1229 3783 fer·

185 2540 203 2592 5
