2710 4374
238 361 302 426 148
628 359 679 410 Du
700 359 854 412 osricus

237 529 363 594 omnes,
379 509 518 578 interior
538 531 665 594 eorum,
680 509 739 598 qni
760 510 909 578 eiusdem
929 511 1039 599 gentis
1060 517 1140 593 sunt,
1158 523 1213 598 pro

237 613 312 701 pior
336 633 462 696 eorum,
491 613 550 702 qni
578 613 726 680 eiusdem
758 614 912 680 civitatis.
956 613 1074 700 Itaque
1101 614 1214 679 maiores

237 713 328 780 aliud
343 714 394 780 ius
404 715 566 802 gentium,
577 715 669 782 eliud
684 715 735 782 ius
748 715 848 782 eivile
862 737 931 782 esse
943 715 1134 796 voluerunt3
1146 714 1215 801 quod

237 817 346 902 civile,
361 838 428 884 non
443 817 533 884 idem
550 818 708 885 continuo
725 819 887 906 gentium,
902 818 991 906 qnod
1011 828 1119 883 autern
1134 819 1216 904 genti·

239 943 306 1005 nm,
321 920 411 988 idem
424 919 523 988 civile
540 941 610 988 esee
623 921 732 988 debet.
777 921 844 988 Sed
860 943 919 988 nos
939 921 1008 988 veri
1023 921 1102 985 iuris
1117 939 1238 1006 germ-r

238 1043 365 1110 uaeque
382 1023 526 1090 institiae
542 1022 682 1090 solidam
700 1033 735 1090 et
751 1045 938 1112 expressam
955 1023 1100 1109 effigiem
1115 1020 1217 1085 nnllam

238 1133 399 1209 tenemus,
415 1127 532 1193 umbra
546 1133 580 1194 et
590 1127 791 1214 imaginibus
809 1127 945 1192 utimur.
988 1125 1055 1192 Eas
1076 1125 1154 1211 ipsas
1171 1121 1218 1186 uti·

237 1248 315 1294 num
329 1229 559 1316 sequeremur!
578 1229 735 1296 feruntur
748 1229 839 1296 euim
856 1251 897 1295 ex
912 1229 1050 1316 optimis
1065 1235 1184 1292 naturae
1193 1233 1218 1288 et

191 1331 387 1398 toveritatis
412 1331 581 1419 exemplis.
625 1331 715 1398 Nam
741 1332 857 1421 quanti
883 1333 984 1398 verba
1014 1330 1089 1396 illa:
1116 1349 1165 1394 urr
1183 1347 1217 1390 un

238 1455 389 1500 inorruit
412 1455 454 1500 ru
475 1455 629 1500 rmnuvu
650 1455 744 1501 rusus
764 1455 888 1500 carrus
904 1452 1142 1500 unsunsrusvu
1161 1427 1242 1494 amin

239 1558 339 1624 quam
350 1536 408 1602 illa
418 1556 534 1602 aurea:
549 1559 592 1603 ur
602 1559 706 1602 mrum
715 1559 818 1603 nouos
829 1559 919 1602 uuus
930 1557 1038 1604 somn
1049 1551 1219 1602 oromurm

239 1661 316 1706 suin
337 1640 593 1706 retunsuouui
616 1639 692 1723 Sed,
711 1640 770 1726 qni
791 1640 858 1705 sint
880 1639 1022 1720 “boni'’
1038 1646 1073 1704 et
1095 1635 1168 1724 quid
1187 1632 1219 1696 sit

240 1745 260 1780 ‘⁶
272 1743 349 1810 beni
364 1742 449 1830 agi‚''
464 1763 585 1830 magns
599 1743 747 1829 quaestio
761 1751 820 1808 est.
866 1742 907 1820 Q.
925 1743 1064 1830 quidem
1078 1734 1217 1815 Scaevola,

239 1845 393 1934 pontifex
411 1846 583 1927 maximus,
600 1866 763 1911 summam
778 1845 848 1910 vim
862 1866 932 1911 esse
946 1845 1077 1912 dicebat
1091 1843 1124 1907 iu
1137 1836 1219 1905 omni-

239 1949 302 2014 bns
325 1948 367 2012 iis
391 1948 544 2031 arbitriis,
566 1948 601 2012 in
628 1948 749 2034 quibus
775 1948 952 2014 adderetur
976 1969 1024 2013 nx
1045 1966 1120 2012 mnu
1138 1954 1241 2020 munt

239 2047 384 2136 fideique
407 2051 513 2116 bonae
537 2071 660 2130 nomen
685 2050 895 2116 existimabat
919 2071 1054 2116 manare
1077 2043 1219 2122 latissime,

239 2147 341 2234 idque
358 2149 480 2214 versari
499 2149 533 2214 in
552 2149 664 2216 tutelis
686 2149 905 2233 societatibus,
920 2148 1051 2216 fiduciis
1072 2141 1218 2221 mandatis,

239 2251 337 2318 rebus
359 2253 479 2339 emptis
502 2252 656 2336 venditis,
678 2252 850 2319 conductis
872 2252 995 2336 locatis,
1013 2253 1132 2339 quibus
1150 2245 1221 2310 ritae

240 2353 375 2421 soeietas
389 2354 631 2437 contineretur3
649 2355 684 2420 in
700 2355 741 2420 iis
756 2354 869 2442 magni
880 2375 949 2420 esse
962 2355 1082 2421 iudicis
1092 2357 1218 2432 statuere,

240 2457 432 2544 praesertim
450 2479 526 2523 oum
548 2457 584 2522 in
606 2457 773 2545 plerisque
799 2465 906 2524 essent
928 2457 1051 2524 indicia
1073 2447 1243 2542 contraria,t

194 2560 322 2648 thuid
344 2581 509 2649 quemque
531 2560 650 2646 cuique
677 2567 842 2648 praestare
863 2569 1038 2648 oporteret.
1084 2551 1219 2636 Quooirtt

240 2665 379 2730 astutiae
393 2662 557 2730 tollendae
571 2670 649 2728 snnt
663 2684 766 2750 eaque
781 2662 916 2746 malitia,
928 2683 1012 2750 qnae
1024 2662 1094 2730 voit
1106 2648 1220 2738 inaqui-

241 2767 316 2833 dem
332 2766 437 2833 videri
452 2787 487 2832 se
503 2786 573 2832 esse
587 2764 808 2853 prudentiam,
824 2765 881 2830 sed
903 2765 995 2832 abest
1016 2766 1057 2831 ab
1079 2785 1115 2830 oa
1130 2758 1219 2824 distat

241 2890 306 2956 que
320 2868 512 2956 plurimum.
556 2867 742 2933 Prudentia
763 2875 812 2933 est
830 2867 919 2933 enirn
941 2867 1046 2934 locata
1063 2869 1097 2932 in
1118 2860 1220 2929 dilectu

241 2971 402 3036 bonorum
427 2981 461 3036 et
484 2969 656 3053 malorum,
678 2969 815 3054 malitia,
833 2970 861 3036 si
887 2971 1007 3054 omnia,
1025 2991 1107 3058 quae
1130 2956 1242 3046 turpia¹⁶

242 3077 329 3153 sunt,
347 3070 433 3136 mala
449 3081 537 3156 sunt,
553 3071 639 3138 rnala
657 3071 751 3138 bonis
768 3063 864 3160 ponit
881 3081 968 3139 ante.
1012 3071 1085 3139 Nee
1107 3085 1175 3134 vero
1192 3059 1218 3122 it

241 3171 382 3261 praediis
407 3173 514 3240 solum
539 3174 591 3240 ius
616 3173 717 3242 civile
738 3175 876 3242 ductum
899 3198 919 3242 a
943 3183 1059 3242 natura
1084 3165 1218 3240 malitiam

241 3274 460 3362 fraudemque
475 3276 632 3362 vindieat,
644 3277 701 3343 sed
716 3278 816 3343 etiam
831 3278 866 3342 in
882 3279 1118 3365 mancipiorum
1128 3261 1220 3338 vendi·
1315 3324 1316 3337 ,

242 3378 333 3444 tione
359 3378 542 3446 venditoris
566 3379 658 3445 frans
684 3380 792 3447 onmis
820 3380 1017 3447 excluditur.
1061 3379 1126 3467 Qui
1146 3369 1218 3440 enim

242 3480 323 3547 seire
348 3479 463 3546 debuit
488 3481 530 3548 de
555 3483 704 3566 sanitate,
730 3483 773 3549 de
798 3483 891 3571 fuga,
909 3483 951 3548 de
973 3483 1081 3566 furtis,
1102 3474 1244 3569 praestet!⁰
1314 3506 1316 3589 p

195 3592 231 3651 72
242 3583 350 3651 edioto
365 3583 532 3650 aedilium.
576 3583 748 3652 Heredum
764 3586 827 3652 alia
841 3607 936 3653 causa
950 3595 1009 3652 est.
1048 3585 1102 3651 Ex
1114 3574 1219 3669 quoin·

242 3687 419 3776 tellegituu
431 3687 588 3776 quoniam
602 3689 684 3754 iuris
698 3697 815 3754 natura
829 3689 906 3756 fons
920 3689 973 3774 sit,
988 3687 1051 3756 hoo
1065 3679 1217 3756 seeundum
1313 3688 1316 3819 p
