2710 4374
185 360 256 422 128
579 353 630 406 nu
651 353 805 408 oeneus

191 505 271 572 insit
286 505 320 570 in
339 505 379 572 iis
393 505 519 593 aliquid
536 505 642 594 probi,
656 503 747 593 qnod
765 505 873 592 capiat
891 506 1030 593 ignaros,
1047 507 1104 593 qni
1120 509 1185 594 qni.

192 609 279 690 dem,
294 609 377 696 quid
402 611 437 674 in
465 630 531 674 una
555 629 685 696 quaque
709 630 745 674 re
769 609 843 674 vitii
860 609 913 692 sit,
931 610 1189 696 nequeantiindi·

192 733 284 794 carc;
299 713 421 799 itaque,
436 733 511 778 cum
530 719 607 778 suut
630 712 720 778 docti
734 733 754 777 a
767 712 893 799 peritis,
911 711 1075 778 desistunt
1098 712 1191 778 facile

151 820 177 888 4
194 815 365 882 sententia.
409 813 502 881 Haec
516 815 619 902 igitur
633 813 749 896 officie,
764 814 807 880 de
821 815 941 901 quibus
955 813 1007 880 his
1024 815 1118 882 libris
1135 815 1193 880 dis

194 919 341 1002 serimus,
357 919 450 1006 quasi
472 917 615 984 secunda
636 917 798 1004 quaedam
820 916 957 984 honesta
977 939 1048 984 esse
1071 917 1225 1000 dicunt,s

194 1042 261 1088 non
275 1020 473 1108 sapientium
489 1019 587 1086 modo
599 1020 741 1106 propria,
753 1019 811 1086 sed
825 1041 902 1088 cnm
917 1021 1010 1088 omni
1023 1019 1195 1086 hominnm

147 1144 184 1198 lo
193 1144 313 1209 genere
328 1123 525 1190 eommunia.
558 1121 677 1210 Itaque
691 1122 733 1188 iis
747 1143 872 1206 omues,
884 1123 920 1188 in
934 1123 1055 1210 quibus
1071 1131 1122 1189 est
1136 1123 1199 1187 vir·

194 1225 274 1290 tutis
288 1225 425 1310 indoles,
437 1233 700 1304 commoventur.
732 1224 768 1292 N
769 1247 807 1292 ee
821 1247 911 1309 vero,
926 1246 1002 1292 curn
1018 1226 1086 1292 duo
1101 1225 1198 1291 Decii

193 1337 251 1394 aut
265 1329 332 1395 dno
344 1328 513 1416 Scipiones
527 1327 631 1394 fortes
646 1328 711 1394 viri
726 1339 1035 1410 commemorantur,
1050 1337 1109 1393 aut
1123 1350 1199 1394 eum

194 1431 363 1498 Fabricius
380 1433 450 1516 [ant
465 1431 644 1516 Aristides]
661 1431 767 1496 iustus
782 1431 981 1514 nominatur,
999 1438 1057 1496 aut
1076 1432 1118 1496 ab
1135 1431 1199 1496 illis
1207 1453 1229 1492 a
1288 1490 1292 1497 .

193 1534 400 1617 fortitudinis
424 1543 482 1600 ant
507 1535 548 1600 ab
574 1533 637 1600 hoc
658 1534 803 1600 iustitiae
825 1542 992 1620 tamquam
1011 1555 1031 1599 a
1051 1533 1200 1620 sapiente

193 1639 319 1726 petitur
332 1637 539 1724 exenaplum3
562 1657 660 1702 neruo
681 1637 772 1703 eninr
794 1636 914 1704 horum
935 1637 981 1702 sie
1002 1637 1145 1724 sapiens,
1164 1645 1200 1702 ut

193 1743 376 1829 sapientem
389 1740 542 1808 volumus
552 1739 712 1826 intellegi,
724 1761 785 1806 neo
799 1740 835 1824 ii,
847 1741 905 1827 qui
916 1741 1082 1827 sapientes
1096 1740 1200 1806 habiti

193 1853 228 1912 et
249 1844 421 1927 nominati,
437 1843 484 1909 Μ.
499 1843 582 1910 Cato
604 1852 638 1910 et
657 1843 695 1910 Ο.
711 1841 852 1924 Laelius,
867 1844 1031 1930 sapientes
1052 1843 1198 1931 fuerunt,

193 1969 236 2012 ue
252 1947 300 2011 illi
315 1947 448 2034 quidem
465 1954 603 2033 septem,
618 1945 674 2012 sed
690 1967 731 2011 ex
747 1945 931 2011 mediorum
944 1944 1126 2014 officiorum
1138 1945 1231 2012 fre-a

194 2049 330 2136 quentia
351 2048 603 2116 similitudinem
625 2048 790 2136 quandam
813 2048 971 2134 gerebant
993 2049 1199 2136 speciemque

148 2157 184 2217 17
195 2151 402 2237 sapientium.
447 2151 610 2229 Quocirca
624 2172 683 2218 nee
698 2151 742 2233 id,
755 2151 844 2238 quod
860 2173 937 2217 vere
952 2151 1129 2218 honestum
1141 2162 1198 2234 est,

194 2253 246 2320 fas
268 2262 318 2318 est
343 2274 419 2320 cum
444 2253 597 2320 utilitatis
620 2255 839 2341 repugnantia
862 2256 1052 2341 comparari,
1071 2277 1133 2320 neo
1155 2255 1197 2336 id,

195 2356 285 2444 quod
302 2357 524 2422 communiter
545 2356 749 2444 appellamus
770 2357 958 2439 honesturn,
974 2359 1064 2444 qnod
1083 2357 1199 2424 colitur

195 2461 236 2526 ab
247 2459 297 2544 iis,
307 2460 366 2548 qui
381 2460 483 2526 bonos
498 2481 533 2526 se
548 2462 636 2526 viros
651 2460 764 2526 haberi
776 2460 902 2543 volunt,
914 2482 987 2526 cum
1001 2461 1230 2528 emolumena

195 2564 238 2631 tis
259 2584 416 2652 umquam
440 2571 490 2628 est
511 2564 779 2650 eornparaudum,
802 2571 936 2649 tamque
957 2563 993 2628 id
1015 2563 1198 2646 honestum,

195 2667 285 2756 quod
299 2669 335 2732 in
351 2673 497 2733 nostram
514 2665 776 2753 intellegentiam
792 2666 889 2746 eadit,
904 2665 1065 2732 tuendum
1077 2687 1198 2732 conser-

195 2771 406 2858 vandumque
421 2768 516 2835 uobis
531 2776 581 2834 est
596 2791 696 2857 qnam
714 2769 808 2851 illud,
824 2769 913 2855 quod
930 2770 1062 2856 proprie
1081 2770 1199 2835 dieitur

195 2895 338 2960 vereque
355 2881 405 2940 est
422 2871 608 2954 honesturn,
623 2872 847 2959 sapientibus;
870 2872 967 2938 aliter
987 2873 1078 2938 enim
1096 2872 1198 2938 teneri

159 3013 162 3019 ,
196 2998 262 3041 non
286 2983 404 3060 potest,
423 2975 450 3040 si
477 2975 607 3062 quaed
632 2975 791 3040 virtutem
818 2982 868 3042 est
893 2975 983 3041 faeta
1007 2976 1228 3063 progressione

197 3076 262 3146 Sed
284 3075 364 3142 haee
382 3077 516 3162 quidem
537 3077 580 3144 de
601 3077 651 3159 iis,
667 3077 725 3164 qui
748 3078 997 3144 conservatione
1019 3077 1197 3144 officiorum
1250 3068 1253 3074 ’

150 3178 426 3246 18existimantur
443 3180 533 3246 boni.
579 3179 647 3258 Qui
662 3187 773 3246 autem
789 3179 901 3246 omnia
916 3181 1101 3246 metiuntur
1117 3203 1198 3246 emo

196 3280 353 3350 lumentis
371 3289 405 3347 et
422 3282 604 3348 commodis
622 3303 730 3368 neque
748 3304 787 3348 oa
809 3282 927 3348 volunt
948 3283 1197 3370 praeponderari

195 3383 376 3465 honestate,
395 3385 419 3449 ii
436 3384 544 3450 solent
562 3385 596 3449 in
620 3385 833 3452 deliberando
856 3385 1031 3452 honestum
1055 3409 1130 3452 cum
1152 3409 1196 3469 eo,

196 3486 286 3575 qnod
309 3486 392 3552 utile
415 3495 545 3573 putant,
572 3509 771 3574 comparare,
796 3488 875 3553 boni
900 3489 966 3554 viri
991 3510 1059 3554 non
1085 3489 1226 3555 solenter

196 3590 314 3676 Itaque
329 3589 481 3655 existimo
495 3589 701 3672 Panaetium,
714 3612 788 3656 cum
801 3590 923 3656 dixerit
937 3590 1088 3658 homines
1100 3591 1197 3657 solere

196 3695 230 3760 in
247 3693 307 3761 hae
321 3693 565 3780 comparatione
579 3693 740 3776 dubitare,
753 3693 816 3760 hoc
831 3693 1101 3780 ipsumsensisse,
1113 3693 1195 3782 qnod
