2710 4374
226 377 292 442 164
615 375 666 426 nu
687 374 840 428 orneris

223 547 339 594 eornm
361 528 554 595 auctoritate
575 543 640 615 pax
663 533 732 593 erat
754 526 853 610 fucta,
871 525 976 592 dediti
1000 531 1091 608 sunt,
1109 531 1145 588 ιιι
1167 547 1219 612 pax

225 626 426 696 Samnitium
450 629 699 716 repudiaretur;
721 636 820 716 atquo
842 628 939 693 huius
961 627 1144 694 deditionis
1165 630 1221 713 ipse

225 729 427 814 Postumius,
439 731 497 818 qni
512 730 704 812 dedebutur,
721 751 834 796 suasor
848 737 882 796 et
896 738 1013 796 auctor
1024 729 1104 794 fuit.
1139 728 1222 806 Quod

224 832 315 899 idem
337 832 451 898 multis
472 832 568 898 annis
591 839 665 920 post
687 832 726 898 Ο.
741 831 926 915 Mancinus,
945 833 1016 920 qui,
1034 838 1074 896 nt
1091 830 1223 896 Numan-

225 936 314 1018 tinis,
332 935 528 1022 quibuscum
547 935 620 1001 sine
638 943 770 1000 senatus
787 935 982 1001 auctoritate
1007 933 1131 1000 foedus
1152 933 1254 999 feces

224 1046 285 1120 rat,
300 1037 487 1121 dederetur,
499 1037 704 1126 rogationem
720 1037 822 1103 suasit
836 1058 919 1120 eam,
931 1059 1036 1125 quam
1052 1036 1091 1101 L.
1108 1035 1224 1118 Furius,

224 1139 300 1206 Sex.
316 1139 444 1206 Atilius
458 1161 500 1206 ex
515 1147 646 1206 senatus
663 1139 813 1206 consulto
827 1139 1000 1222 ferebant3
1020 1159 1091 1226 qua
1108 1145 1225 1224 accepta

224 1250 275 1308 est
301 1240 452 1310 hostibus
477 1241 619 1309 deditus.
663 1241 847 1308 Honestius
870 1241 925 1308 hic
950 1263 1056 1328 quam
1082 1239 1124 1318 Q.
1142 1239 1225 1305 Pom·

223 1344 328 1432 peius,
343 1365 420 1432 quo,
434 1365 512 1410 eum
535 1344 571 1410 in
594 1344 709 1411 eadem
732 1365 829 1411 causa
852 1351 948 1428 esset,
966 1345 1166 1432 deprecante
1185 1361 1225 1406 ae

225 1455 320 1535 cepta
334 1446 388 1513 lex
404 1467 470 1513 uon
487 1453 546 1512 est.
583 1445 652 1513 Hie
662 1468 711 1529 ea,
722 1469 806 1534 quae
822 1447 999 1536 videbatur
1012 1446 1152 1527 utilitas,
1162 1443 1251 1530 plusu

227 1549 332 1616 valuit
346 1569 446 1637 quam
461 1549 623 1632 honestas,
639 1549 726 1636 apud
743 1550 928 1638 superiores
942 1549 1104 1615 utilitatis
1117 1545 1225 1634 species

158 1651 312 1718 llofslsa
336 1652 377 1718 sb
400 1649 580 1717 honestatis
602 1651 797 1718 anctoritate
819 1659 971 1738 superata
995 1648 1154 1716 est—At
1170 1667 1226 1711 non

225 1755 341 1820 debuit
363 1761 471 1818 ratum
492 1774 572 1836 esse,
595 1752 772 1840 quoderat
793 1760 903 1819 actum
926 1775 986 1840 per
1009 1747 1225 1827 vina-Quasi

227 1879 305 1924 vero
320 1857 400 1922 forti
417 1857 489 1922 viro
504 1857 554 1921 vis
568 1857 671 1943 possit
685 1855 959 1922 adhiberi—Our
972 1856 1082 1942 igitur
1095 1853 1137 1920 ad
1150 1871 1226 1918 sena-

226 1968 298 2024 tum
313 1957 592 2046 proficiscebatur,
604 1979 680 2025 uum
695 1958 888 2046 praesertim
903 1958 946 2024 de
960 1959 1106 2046 captivis
1120 1956 1249 2022 dissnuu

225 2082 320 2126 surus
337 2069 422 2128 esset
433 2061 589 2140 t-Quod
608 2061 790 2128 maximnm
809 2063 845 2127 in
866 2084 907 2129 eo
929 2070 988 2146 est,
1003 2062 1038 2128 id
1064 2057 1225 2148 reprehen-

225 2163 313 2228 ditis.
357 2161 438 2230 Non
463 2165 553 2230 enirn
578 2185 638 2230 sno
661 2163 786 2231 iudicio
804 2165 906 2247 stetit,
922 2164 978 2230 sed
997 2163 1144 2251 suscepit
1163 2180 1223 2226 cau-

226 2286 306 2348 sum,
328 2273 368 2330 ut
390 2274 475 2332 esset
498 2267 658 2333 iudicium
682 2274 834 2349 senatus3
856 2267 910 2332 oui
936 2266 998 2332 nisi
1024 2266 1100 2354 ipse
1124 2269 1225 2330 auctor

225 2367 353 2451 fnisset,
372 2369 494 2456 captivi
514 2369 665 2456 protecto
688 2368 811 2435 Poenis
825 2367 948 2434 redditi
969 2377 1100 2452 esseut;
1121 2367 1164 2432 ita
1182 2365 1222 2428 in·

226 2468 365 2536 columis
387 2471 421 2535 iu
445 2471 552 2558 patria
573 2469 724 2558 Regulus
745 2471 927 2537 restitisset.
972 2469 1071 2549 Quod
1089 2469 1164 2558 quia
1179 2484 1250 2552 peu

226 2572 308 2639 triae
323 2594 389 2640 uon
405 2573 488 2640 utile
502 2574 643 2660 putavit,
659 2572 780 2640 idcirco
794 2572 858 2640 sibi
872 2572 1047 2640 honestum
1064 2581 1100 2639 et
1115 2568 1223 2638 sentire

226 2675 284 2742 illa
297 2683 332 2742 et
346 2675 415 2763 pati
429 2675 580 2742 eredidit.
613 2673 703 2741 Nam
718 2675 808 2762 quod
824 2676 1031 2762 ainnt,quod
1046 2668 1224 2740 valdentile
1280 2760 1286 2770 ¹

226 2778 278 2862 sit,
294 2777 330 2844 id
344 2778 417 2845 fieri
434 2777 617 2862 honesturn,
633 2778 737 2844 immo
758 2799 837 2844 vero
860 2799 940 2860 esse,
960 2799 1025 2843 non
1049 2776 1133 2844 fieri.
1173 2771 1223 2839 Est

226 2881 318 2946 enim
337 2880 419 2947 nihil
442 2881 536 2964 utile,
552 2879 643 2966 quod
661 2879 751 2946 idem
774 2901 841 2945 non
864 2879 1050 2964 honesturn,
1069 2901 1140 2963 neo,
1157 2875 1224 2964 quia

227 2983 320 3065 utile,
339 2981 525 3066 honestum,
544 2983 611 3066 sed,
627 2981 706 3070 quia
722 2981 909 3063 honestum,
927 2982 1019 3048 utile.
1065 2982 1173 3062 Quare
1188 2995 1247 3042 eru

228 3084 342 3149 rnnltis
357 3085 562 3151 mirabilibus
574 3084 734 3172 exemplis
745 3085 833 3151 haud
844 3085 941 3151 facile
952 3086 1027 3172 quis
1038 3085 1160 3151 dixerit
1170 3081 1223 3146 hoe

167 3245 210 3315 ³1
229 3184 382 3272 exemplo
396 3194 454 3251 ant
468 3185 665 3254 laudabilius
679 3196 736 3253 aut
750 3189 977 3276 praestantius.

161 3336 217 3390 m
273 3286 339 3353 Sed
355 3307 395 3352 ex
411 3294 481 3353 tota
495 3287 557 3355 hac
571 3289 669 3356 laude
680 3289 803 3378 Reguli
818 3312 922 3356 unum
938 3291 1021 3356 illud
1037 3299 1086 3356 est
1101 3289 1223 3357 admira·
1337 3348 1338 3353 ,

229 3390 320 3456 tione
335 3388 485 3476 dignum,
501 3392 591 3478 quod
607 3393 754 3480 captivos
769 3393 959 3459 retinendos
973 3395 1109 3460 censuit.
1145 3391 1220 3458 Num

193 3489 198 3500 ’
229 3491 320 3581 qnod
338 3493 447 3575 rediit,
462 3495 558 3560 nobis
576 3516 666 3561 nunc
688 3495 838 3561 mirabile
853 3495 996 3577 videtur,
1011 3495 1078 3561 illis
1100 3494 1249 3582 quidemn

229 3595 432 3684 temporibus
453 3595 550 3662 aliter
572 3595 682 3663 faeere
705 3617 771 3662 non
794 3597 923 3684 potuit3
947 3598 1058 3684 itaque
1080 3599 1144 3662 ists
1164 3596 1223 3660 laus

228 3721 296 3769 nou
311 3706 361 3766 est
376 3697 529 3782 hominis,
544 3698 602 3764 sed
616 3705 814 3786 temporum.
858 3699 1000 3767 Nullum
1019 3701 1107 3766 enirn
1123 3700 1223 3764 vincu-
