2764 4326
178 337 247 456 Ι120
618 383 752 442 NUPES.

181 543 264 600 stulte
276 541 357 598 titia
367 541 451 598 arsid
466 541 651 612 intemperiem
664 556 719 596 nors
735 540 836 612 tulisse,
848 557 945 598 rursus
957 541 1038 597 stulte
1052 543 1194 600 iniuriam

101 619 106 628 ’
182 624 377 694 iliiussaeiam
388 624 565 694 illustrem‚si
576 623 644 694 quid
655 623 802 692 eripiam
819 623 939 678 etsimul
949 640 984 677 ree
992 625 1111 695 βαθέης
1123 643 1193 696 mea,

175 699 251 777 *quae
262 707 293 760 in
304 705 406 774 aperio
419 705 562 776 apparuit,
576 705 606 758 iu
618 703 753 758 aarum
764 704 803 757 sit
814 704 1047 775 oculatim—48,
1057 705 1109 760 27.
1123 704 1191 760 inu·

182 785 276 858 tllen,
290 787 344 842 ie.
355 788 459 842 useless
473 786 517 842 ior
534 784 704 857 preventing
721 785 771 840 the
783 801 959 856 ‚enuoyunce‚
971 786 1030 840 end
1047 784 1192 858 odiosam,

183 866 318 938 bringing
329 883 363 922 us
373 865 580 940 nnpopulurity.

173 995 177 1026 s
219 947 271 1016 48,
283 947 334 1004 28.
351 947 418 1004 its.
432 981 443 1004 .
457 981 467 1006 .
480 947 525 1018 si,
538 949 554 978 ‘⁴
562 963 600 1001 on
612 945 760 1002 condition
771 945 860 1001 their

218 1027 334 1098 48,81.
352 1026 530 1085 wamelis
544 1041 652 1084 lucare
667 1025 768 1082 debet:
786 1027 947 1082 contumelia
963 1027 989 1082 is
1003 1027 1055 1082 the
1069 1029 1141 1082 look
1156 1028 1191 1083 oi

182 1113 328 1179 contempt
350 1124 383 1162 or
403 1107 452 1162 the
474 1107 541 1176 like,
556 1122 623 1162 over
642 1107 702 1161 sud
725 1106 816 1161 ebore
841 1109 891 1163 the
911 1110 974 1179 just
997 1109 1193 1181 punishment.

183 1191 280 1260 Comp.
293 1189 359 1244 Pac.
369 1205 405 1260 np
417 1189 490 1244 Non.
504 1204 532 1259 p.
543 1187 604 1256 480,
614 1189 646 1249 lt
656 1187 848 1257 patiorsaeils
859 1190 1005 1259 iniuriam,
1018 1191 1044 1244 ei
1058 1197 1098 1244 est
1109 1208 1195 1246 uacua

181 1287 201 1324 a
213 1269 381 1326 contumelia.
420 1270 471 1324 See
483 1271 541 1324 also
550 1269 565 1338 ξ
575 1270 626 1324 187
636 1267 823 1340 belom-48,
836 1268 886 1326 82.
901 1270 1037 1342 punitur,
1049 1271 1194 1342 deponent

182 1351 255 1408 form
263 1353 394 1422 :punit

128 1429 173 1499 89
218 1431 270 1504 44,
283 1431 314 1488 d.
329 1429 526 1502 appellentur,
537 1432 553 1464 “
562 1430 597 1484 be
609 1430 718 1500 spoken
730 1431 788 1498 to‚'’
797 1431 943 1501 reproved.

219 1513 270 1585 44,
284 1513 312 1569 i·
323 1512 409 1568 modo
419 1525 458 1567 no
468 1510 637 1581 luudmnt,
646 1513 662 1541 ‘⁶
668 1511 810 1582 provided
819 1512 886 1581 they
894 1512 946 1567 did
955 1517 1006 1568 not
1016 1516 1171 1570 commend
1177 1517 1193 1544 ”

182 1593 339 1662 iracundia,
346 1591 441 1646 which
452 1591 521 1660 they
530 1593 653 1662 actually
662 1591 709 1647 do.
745 1592 807 1646 The
818 1591 926 1663 imperi.
939 1595 1000 1648 sub.
1011 1595 1132 1650 denotes
1144 1597 1194 1651 the

183 1675 322 1744 unreelity
331 1672 421 1728 nithe
433 1671 618 1743 supposition.
654 1672 716 1726 'she
730 1672 821 1726 Stoice
833 1673 902 1726 held
913 1674 963 1728 the
974 1675 1106 1745 pussious
1114 1682 1146 1731 to
1158 1679 1195 1732 be

184 1757 255 1825 evil;
275 1757 334 1826 but,
343 1756 425 1810 Tusc.
437 1753 518 1824 Disp.
527 1753 577 1808 IV.
590 1755 632 1823 lu,
641 1752 685 1822 43,
696 1754 877 1823 Peripatetici
885 1755 1105 1823 perturbationes
1118 1759 1193 1826 setas,

183 1855 247 1909 quos
260 1854 306 1892 nos
319 1834 492 1905 eetirpaudas
505 1839 646 1904 putamus,
658 1851 712 1888 nors
728 1834 804 1888 modo
817 1834 957 1889 naturale}
970 1854 1021 1890 esse
1032 1838 1136 1906 dicum,
1150 1839 1195 1893 sed

183 1920 267 1973 etiam
277 1917 388 1972 utiliter
399 1933 418 1970 a
429 1920 535 1968 natura
548 1915 636 1970 datas.
672 1915 802 1970 Primum
815 1914 910 1970 mullis
921 1916 1005 1972 uerbis
1016 1918 1194 1974 irawndiam

183 1999 304 2054 laudaut
315 2002 368 2053 etc.

219 2079 270 2149 44,
284 2079 314 2136 8.
332 2077 391 2134 lllu
405 2091 488 2150 vero,
502 2079 578 2134 “but
595 2078 627 2134 iu
644 2077 743 2148 reolity
759 2077 951 2149 inser-44,
964 2079 1015 2136 lu.
1032 2080 1133 2148 legum
1149 2083 1191 2138 si·

183 2159 279 2230 milet,
293 2160 312 2214 i.
322 2177 345 2216 o.
356 2160 412 2214 irco
426 2159 498 2214 irom
517 2177 572 2230 nny
586 2160 708 2230 passion,
719 2157 874 2230 punisning
891 2160 959 2228 only
971 2175 1049 2231 upon
1065 2163 1194 2233 grounds

184 2237 218 2292 of
225 2236 338 2309 justice.
377 2238 414 2292 So
425 2238 708 2310 Aristocle,Pol.111.
722 2242 755 2294 16
768 2243 783 2294 ό
796 2242 846 2311 μὲν
859 2238 905 2296 οὖν
922 2243 968 2296 τὸν
981 2245 1061 2313 νόμον
1077 2244 1193 2301 κελεύων

183 2319 276 2390 ἄρχειν
296 2319 369 2374 δοκεῖ
388 2318 505 2376 κελεύειν
527 2321 619 2393 ἄρχειν
641 2323 688 2377 τὸν
713 2322 774 2377 θεὸν
794 2322 836 2376 sai
859 2323 905 2378 τὸν
922 2327 983 2379 νοῦν
1002 2327 1114 2394 μόνους·
1132 2325 1192 2380 ὁδ’

184 2394 322 2472 ἄνθρωπον
337 2398 452 2456 κελεύων
466 2401 629 2474 προστίθησι
644 2402 687 2458 καὶ
703 2401 815 2474 θηρίον.
835 2439 842 2456 .
861 2443 868 2460 .
887 2402 979 2476 διόπερ
998 2405 1061 2461 ἄνευ
1078 2406 1193 2479 ὀρέξεως

183 2485 244 2540 νοῦν
262 2483 278 2536 i
295 2483 374 2554 ripas
387 2481 469 2540 ἐστίν.

533 2624 713 2680 cnemis
735 2625 840 2682 XXVI.

130 2720 174 2790 90
219 2725 337 2797 44,18.
355 2724 523 2796 soperclum
537 2759 548 2782 .
567 2760 578 2782 .
597 2760 608 2784 .
626 2725 787 2794 luglsnns:
810 2727 847 2781 So
864 2727 934 2782 Hor.
949 2728 1040 2785 cerm.
1052 2730 1090 2786 11.
1105 2733 1121 2785 3
1137 2731 1192 2786 Ae-

183 2823 265 2876 quom
287 2811 417 2862 memento
439 2805 516 2862 rebus
535 2806 567 2860 in
591 2805 688 2860 arduis
703 2805 708 2875 Ι
724 2807 835 2861 Seruari
855 2813 977 2878 mentem,
992 2826 1047 2864 uon
1066 2829 1137 2868 seeus
1159 2815 1193 2868 ia

183 2886 257 2942 ὂοηὸν
272 2887 276 2959 Ι
291 2887 334 2941 Ab
344 2886 472 2942 insolenti
485 2891 659 2956 temperatam
674 2886 680 2956 Ι
694 2887 827 2944 Laetitia.

219 2967 334 3038 44,17.
351 2967 388 3022 do
403 2966 540 3023 Socrate:
563 2967 646 3020 Taso.
661 2966 908 3037 Disp.111.15,81
928 2969 981 3023 Hie
998 2977 1036 3025 est
1052 2974 1127 3038 enim
1143 2974 1192 3028 ills

182 3048 272 3102 uoltus
289 3063 391 3117 semper
405 3047 485 3117 idem,
501 3064 577 3117 quem
592 3047 696 3101 dicitu
713 3048 872 3119 Xanthippe
887 3051 1046 3120 praedicare
1060 3055 1141 3108 solita
1158 3057 1192 3110 in

182 3128 242 3182 uiro
254 3143 301 3181 suo
309 3128 409 3196 fuisse,
418 3128 505 3182 eodem
521 3145 622 3199 semper
634 3145 661 3182 se
673 3129 770 3184 sittim
783 3137 918 3185 mutem
929 3131 1013 3186 iilum
1024 3134 1102 3188 dorso
1112 3143 1139 3190 et
1150 3153 1191 3191 re·

182 3212 332 3262 vasaten.
376 3208 433 3261 Nee
447 3225 506 3262 nero
523 3226 556 3262 ea
563 3211 650 3278 freres
663 3215 733 3277 erat,
744 3226 812 3279 quae
829 3210 868 3264 Μ.
882 3211 973 3266 Groui
989 3214 1071 3268 illiue
1088 3219 1189 3288 ceteris,

183 3305 258 3358 quem
265 3286 343 3341 semel
354 3288 397 3341 ait
405 3288 437 3341 in
447 3290 522 3343 omui
530 3290 590 3344 rita
597 3290 686 3344 risioee
697 3289 829 3358 Lucilius,
836 3292 882 3346 sed
894 3294 1046 3363 tranquilla
1053 3302 1078 3349 et
1088 3314 1189 3352 serena

183 3367 253 3425 -Gs
262 3366 374 3437 lucello,
385 3368 434 3422 tho
442 3368 535 3424 friend
547 3371 581 3425 oi
589 3372 638 3426 the
646 3387 773 3442 younger
780 3371 944 3441 Africanum
963 3375 999 3429 he
1012 3375 1036 3430 is
1045 3377 1106 3432 ulso
1115 3395 1190 3433 com·

182 3449 271 3520 pared
284 3448 354 3503 with
372 3450 500 3506 Socrates
516 3451 548 3506 in
564 3453 607 3507 De
622 3453 686 3510 Am.
697 3457 722 3522 2,
735 3454 783 3520 113
802 3453 891 3510 above
907 3455 921 3522 §
937 3457 989 3510 108
1006 3457 1039 3512 ire
1059 3458 1087 3514 0.
1097 3460 1190 3514 Laelio

181 3529 271 3584 muita
283 3529 420 3585 hilaritas.

183 3662 185 3666 .
218 3610 332 3682 44,18.
350 3611 532 3682 Philippum:
555 3613 653 3668 lustin.
668 3613 719 3667 1x.
737 3615 754 3670 8
770 3613 843 3668 Huie
859 3615 1016 3687 (Philippo)
1033 3619 1189 3676 Aleeauder

183 3694 267 3762 filius
289 3693 414 3761 succesit
426 3699 453 3746 et
472 3693 573 3747 uirtute
592 3699 618 3746 et
640 3693 717 3748 uitiis
733 3700 817 3762 patre
838 3696 926 3750 maior
941 3735 948 3750 .
964 3737 971 3751 .
986 3740 993 3754 .
1008 3699 1088 3753 Iram
1106 3707 1189 3771 pater

182 3773 363 3840 duumuiris,
371 3771 530 3842 pierumque
543 3773 627 3826 diam
644 3773 766 3840 sincera·
785 3773 829 3830 irie
845 3774 892 3830 uri
908 3779 1015 3850 aweit,
1028 3797 1074 3842 ree
1087 3780 1190 3838 dilatio
