2734 4362
225 349 270 416 42
616 347 667 400 nn
688 345 842 402 omens

225 498 284 566 sed
306 497 406 566 otiam
423 498 527 566 vitam
549 497 753 588 profundere
775 519 844 622 pro·
858 499 964 586 patria
985 501 1093 588 parati
1115 507 1235 586 essent,

1339 211 1341 260 l

1339 285 1341 346 l

1339 391 1341 428 ι

225 605 327 672 iidem
355 606 480 695 gloriae
507 607 668 674 iacturam
693 627 736 673 ne
762 606 935 673 minimam
964 607 1100 696 quidem
1127 609 1236 675 faeere

225 708 360 794 vellent,
376 731 419 776 ne
434 731 470 776 re
484 709 616 798 publica
630 709 765 796 quidem
781 708 987 796 postulante;
1002 718 1041 776 ut
1056 710 1237 778 Callicrati·

225 813 293 895 das,
313 812 372 899 qni
396 833 471 878 earn
490 811 824 880 Lacedaemoniorum
847 811 916 878 dux
937 812 1055 880 fnisset
1072 813 1237 902 Pelopon*
1340 803 1341 850 l

225 915 354 983 nesiaco
376 915 464 982 bello
487 915 657 1003 multaque
678 915 811 983 fecisset
832 915 977 1003 egregio,
996 918 1099 984 vertit
1120 917 1163 984 ad
1185 940 1269 984 err-s

226 1027 370 1084 tremum
392 1019 514 1102 omnia,
536 1039 612 1086 cum
641 1018 780 1086 consilio
801 1039 867 1085 uon
894 1021 1004 1106 paruit
1029 1041 1157 1104 eornm,
1179 1021 1239 1108 qui

226 1120 362 1186 classem
380 1120 421 1186 ab
436 1120 616 1208 Arginusis
630 1120 865 1188 removendam
882 1141 944 1188 nec
961 1143 1038 1188 cum
1053 1122 1239 1188 Athenien·

227 1221 317 1288 sibus
331 1221 556 1290 dimicandum
568 1224 745 1311 putabant3
760 1223 880 1310 quibus
891 1223 948 1291 ille
959 1225 1133 1311 respondit
1143 1223 1239 1292 Lace

227 1324 417 1391 daemonios
441 1323 542 1392 classe
571 1326 629 1392 illa
656 1327 775 1393 amissa
803 1325 900 1392 aliam
929 1347 1044 1414 parare
1073 1349 1181 1414 posse,
1204 1351 1239 1394 ss

227 1427 346 1517 fugero
361 1427 432 1495 sine
448 1449 507 1495 suo
522 1428 682 1497 dedecore
700 1451 766 1496 non
785 1451 889 1517 posse.
935 1430 1050 1517 Atque
1069 1429 1153 1497 haec
1169 1432 1267 1519 qui-a

228 1533 305 1600 dem
317 1531 584 1599 Lacedaemoniis
598 1533 696 1620 plaga
709 1532 894 1616 mediocris,
906 1531 963 1598 illa
978 1533 1147 1620 pestifera,
1163 1555 1237 1620 qua,

228 1657 305 1704 cam
328 1635 559 1703 Cleombrotus
583 1635 744 1701 invidiam
768 1635 890 1702 timeus
915 1643 1039 1702 temere
1062 1657 1141 1702 curn
1156 1636 1239 1724 Epa·

228 1739 388 1806 minanda
417 1737 627 1822 conflixisset,
658 1737 991 1805 Lacedaemoniorum
1021 1759 1102 1826 opes
1131 1761 1238 1806 eorru-

229 1850 336 1910 erunt.
381 1841 516 1920 Quanto
532 1841 573 1920 Q.
589 1839 758 1907 Maximus
775 1840 914 1908 meliust
933 1841 976 1908 do
990 1862 1057 1927 quo
1071 1841 1224 1909 Ennius:

371 1961 452 2015 Unus
463 1961 549 2016 homo
561 1959 644 2015 nobis
656 1961 817 2016 cunctando
828 1960 952 2016 restitnit
964 1977 1030 2018 rem.
1245 1980 1267 2020 ro

372 2047 503 2102 Noenum
514 2063 639 2104 rumores
653 2036 778 2119 ponebat
790 2052 855 2104 ante
866 2049 993 2105 salutem.

372 2135 449 2206 Ergo
460 2139 581 2207 postque
594 2135 740 2208 magisque
751 2135 808 2192 riri
817 2151 893 2192 nunc
905 2135 996 2208 gloria
1008 2136 1104 2190 claret

231 2238 329 2319 Quod
344 2260 449 2326 genus
465 2241 623 2327 peccandi
640 2240 813 2306 vitandum
831 2247 881 2306 est
899 2240 999 2306 ctiam
1017 2240 1051 2304 in
1071 2240 1170 2306 rebus
1188 2261 1238 2306 m·-

230 2343 337 2409 banis.
383 2341 469 2408 Sunt
492 2343 591 2427 cuim,
610 2343 679 2431 qui,
699 2344 788 2430 quod
811 2343 970 2428 sentiunt,
989 2341 1051 2410 etsi
1074 2343 1237 2430 optimum

230 2446 283 2529 sit,
300 2452 411 2512 tamen
425 2443 571 2512 invidiae
586 2453 678 2512 metu
693 2467 761 2512 non
775 2446 899 2512 audent
914 2393 1033 2512 didere.
1243 2473 1266 2514 o

183 2515 225 2586 ²⁵
276 2547 423 2615 Omnino
441 2549 499 2636 qui
521 2548 569 2614 rei
591 2548 743 2636 publicae
764 2547 950 2635 praefuturi
972 2555 1050 2612 sunt
1036 2547 1144 2629 uduo
1167 2547 1236 2612 Pla·

183 2608 318 2720 85tonis
343 2659 518 2740 praecepta
542 2657 685 2733 teneant,
709 2672 824 2733 uuum,
843 2659 881 2716 ut
907 2597 1086 2716 utilitatem
1114 2650 1236 2722 civium

229 2757 276 2823 sic
294 2763 459 2838 tueantur,
478 2762 527 2836 ut,
546 2775 772 2842 quaecumque
794 2760 908 2840 agunt,
931 2753 973 2819 ad
995 2774 1067 2818 eam
1091 2751 1236 2818 referant

230 2860 325 2928 obliti
343 2858 591 2926 commodorum
607 2879 752 2939 suorum,
768 2855 920 2938 alterum,
935 2863 974 2921 ut
992 2863 1101 2922 toturn
1119 2877 1235 2942 corpus

230 2961 278 3026 rei
295 2961 448 3047 publicae
466 2967 592 3043 current,
610 2981 663 3043 ne,
682 2959 762 3024 dum
780 2966 909 3046 partem
927 2957 1071 3044 aliquam
1090 2965 1263 3038 tuentum

230 3061 373 3147 reliquas
394 3061 556 3128 deserant.
600 3062 650 3129 Ut
672 3062 762 3128 caim
785 3060 898 3144 tutela,
913 3060 959 3128 sic
982 3061 1168 3148 procuratio
1189 3060 1234 3126 rei
1289 3123 1291 3128 .

229 3163 381 3251 publicae
402 3163 444 3228 ad
462 3185 575 3229 eorum
597 3164 787 3246 utilitatem,
803 3164 861 3251 qui
880 3165 1045 3230 commissi
1062 3171 1151 3254 sunt,
1170 3185 1232 3228 non

229 3267 270 3332 ad
287 3287 411 3349 eorum,
423 3265 543 3352 quibus
557 3268 728 3334 commissa
743 3275 801 3349 cst,
813 3266 958 3354 gerenda
969 3275 1037 3350 est3
1052 3268 1111 3353 qui
1125 3275 1233 3334 autem

229 3368 316 3456 parti
334 3368 456 3434 civium
475 3368 660 3453 consulunt,
679 3377 807 3457 partem
831 3368 1023 3456 neglegunt,
1039 3391 1111 3435 rem
1129 3369 1234 3456 perni-

229 3471 443 3537 ciosissimam
468 3471 505 3536 in
530 3472 700 3537 civitatem
724 3472 898 3554 inducunt,
917 3472 1115 3538 seditionem
1138 3479 1261 3556 atquea

229 3573 439 3658 discordiam3
455 3596 496 3640 ex
508 3596 574 3662 quo
586 3575 708 3659 evenit,
718 3583 756 3640 ut
768 3574 824 3640 alii
836 3572 1020 3661 populares,
1030 3574 1087 3640 alii
1097 3573 1232 3641 studiosi

182 3677 348 3766 eceptimi
366 3677 524 3765 cuiusque
542 3676 729 3761 videantur,
747 3677 843 3764 pauci
861 3675 1100 3742 universorum.
1145 3673 1233 3742 Hinc
