2734 4362
372 393 441 446 444.
460 391 483 446 n
518 393 598 446 444.
617 393 659 458 40,
674 394 715 446 44.
743 393 767 455 a
786 395 908 447 444-444.
1102 397 1144 464 aa

122 544 251 632 Atque
266 542 331 612 hoc
343 543 433 612 idem
448 542 628 632 Sophoclea
643 545 672 610 si
687 545 721 610 in
737 543 934 614 athletarum
950 545 1144 632 probatione

123 647 389 730 dixisset,.ius'ta
408 647 662 734 reprehensione
684 635 850 722 caruisset.
895 647 1001 718 Tanta
1023 649 1074 714 vis
1094 659 1145 718 444

125 759 167 818 44
177 749 244 818 1041
258 757 294 816 44
305 750 472 838 temporis.
486 809 488 815 .
518 749 577 832 Ut,
586 751 617 816 si
630 749 699 838 qui,
709 771 786 818 oum
800 771 930 822 eausam
944 751 987 821 sit
1001 760 1143 836 acturus,

125 854 168 921 in
184 854 305 922 itinere
319 860 377 920 aut
392 853 429 920 144
442 851 666 923 ambulatione
681 874 791 923 secum
802 853 874 942 ipae
889 853 1077 938 meditetur,
1087 863 1144 922 aut

96 981 120 1022 -s
129 958 160 1022 41
173 954 268 1043 quid
288 954 378 1021 aliud
401 955 715 1044 attentiuseogitat,
733 977 801 1028 non
823 956 1092 1044 reprehendatur,
1110 967 1145 1026 44

127 1057 199 1125 1404
216 1057 351 1147 14144441
368 1057 403 1124 in
419 1057 581 1130 convivio.
591 1058 912 1142 faeiattnhumaous
929 1060 1081 1132 videatur
1097 1061 1146 1129 in·

128 1161 229 1227 scitia
241 1161 419 1248 temporis.
464 1161 529 1230 Sed
547 1173 694 1252 eaquae
713 1161 859 1240 multum
880 1164 921 1236 ab
939 1163 1144 1232 humanitate
1156 1180 1212 1234 144

129 1264 333 1352 discrepant,
349 1271 387 1330 ut
404 1264 431 1330 41
449 1265 508 1351 qui
525 1264 561 1330 in
574 1263 654 1333 (foro
668 1272 795 1349 4444444,
809 1275 870 1336 aut
886 1267 914 1334 ai
932 1289 998 1354 qua
1015 1275 1065 1338 eat
1081 1269 1145 1336 alia

131 1388 256 1454 magna
270 1367 478 1454 perversitas,
488 1367 586 1434 facile
600 1376 735 1458 apparet
747 1390 808 1436 nec
823 1391 1022 1458 magnopere
1036 1371 1145 1438 admo-

93 1469 297 1536 eruitionem
311 1477 347 1536 et
361 1477 537 1556 praecepta
550 1470 733 1553 desiderat3
754 1492 840 1557 quae
857 1480 968 1538 antem
983 1493 1086 1558 parva
1100 1473 1145 1539 ui·

131 1571 258 1638 dentur
272 1593 342 1638 essa
356 1571 476 1638 delicta
492 1594 601 1660 neque
615 1595 635 1638 a
650 1572 764 1638 multis
779 1571 930 1660 intellegi
944 1582 1092 1660 possunt,
1103 1575 1146 1642 ab

131 1674 177 1740 iis
197 1681 249 1739 est
266 1673 461 1760 diligentius
482 1674 726 1762 declinandum.
771 1674 874 1742 Utin
892 1675 1013 1742 fidibus
1032 1677 1146 1744 444441-

133 1777 209 1860 biis,
226 1777 379 1864 quamvis
404 1775 542 1864 paulum
556 1777 765 1866 discrepent,
785 1785 895 1850 tamon
914 1777 956 1846 ,id
978 1800 998 1844 4
1023 1779 1147 1846 sciente

134 1879 356 1944 animadverti
377 1878 470 1962 solet,
488 1879 534 1946 414
555 1880 738 1948 videndum
763 1888 814 1948 est
837 1881 872 1946 144
896 1881 964 1948 vita
989 1903 1032 1948 ne
1055 1881 1146 1948 forte

98 1980 219 2067 mquid
237 1979 414 2068 discrepat,
432 1981 615 2048 vel-*multo
641 1983 741 2048 etiam
764 1983 879 2070 magis,
897 2004 972 2070 quo.
985 1983 1091 2050 maior
1111 1991 1145 2050 et

135 2083 254 2150 melior
264 2085 434 2150 actionum
447 2105 545 2171 quam
557 2105 714 2150 sonorum
728 2096 906 2156 concentus
916 2095 976 2154 est.
1016 2085 1143 2174 Itaque,
1156 2054 1213 2199 1⁴4¹ss

134 2193 174 2251 nt
189 2186 224 2250 144
239 2185 361 2252 fidibus
376 2188 577 2253 mruaicorum
589 2195 691 2272 'aures
705 2187 759 2258 uel
775 2189 912 2256 minima
928 2189 1087 2273 sentiunt,
1099 2190 1146 2256 414

135 2310 206 2372 nos,
218 2289 247 2354 41
259 2309 350 2355 acres
368 2312 405 2356 uc
419 2289 597 2376 diligentes
610 2311 680 2356 ease
696 2291 847 2358 volumus
865 2292 1145 2370 animadversores

136 2392 305 2476 vitiorum,
324 2413 444 2480 magna
471 2414 571 2481 saepe
592 2393 823 2481 intellegemus
848 2416 889 2460 ox
914 2395 1034 2482 parvis.
1092 2392 1145 2460 Ex

102 2520 129 2562 ao
138 2493 307 2561 oculorum
318 2503 449 2584 optutu,
458 2495 708 2583 superciliorum
724 2503 782 2562 aut
793 2498 984 2565 remissione
998 2505 1056 2562 aut
1070 2519 1145 2563 4044-

138 2597 361 2682 tractionem:
381 2597 556 2682 4444441414,
566 2619 608 2664 ex
626 2597 805 2680 hilaritate,
815 2621 856 2664 ex
879 2599 957 2681 risu,
969 2621 1010 2664 ex
1030 2599 1145 2665 1044441-

136 2707 211 2784 0444,
219 2721 261 2766 ex
271 2701 452 2785 reticentia,
462 2723 504 2768 cx
515 2702 728 2769 contentione
741 2701 840 2784 vocis,
850 2722 892 2766 ax
903 2699 1142 2784 summissione,

137 2824 177 2868 ex
191 2803 309 2870 ceteris
319 2804 484 2870 similibus
496 2803 593 2871 140114
608 2803 836 2885 iudicabimus,
846 2802 926 2890 quid
939 2824 1053 2868 eorum
1068 2811 1144 2889 apte

137 2903 204 2988 fiat,
213 2905 294 2992 quid
306 2907 347 2972 ab
359 2905 465 2973 officio
479 2915 663 2994 naturaque
673 2905 845 2992 discrepat.
879 2905 961 2984 *Quo
976 2904 1010 2970 144
1022 2927 1144 2993 genere

106 3027 201 3074 4444044
218 3015 268 3074 444
282 3007 540 3093 incommodum,
551 3009 647 3096 quale
659 3008 807 3096 quidque
821 3030 935 3074 eorum
950 3008 1003 3092 ait,
1016 3029 1057 3074 ex
1071 3007 1144 3074 41114

137 3109 291 3194 iudicare,
307 3118 355 3194 ut,
370 3111 399 3176 si
416 3112 497 3199 quid
516 3112 672 3178 dedeceat
689 3112 725 3180 in
743 3111 818 3195 11114,
835 3111 977 3178 vitemus
995 3111 1078 3199 ipsi3
1104 3110 1144 3177 fit

137 3211 224 3278 enim
237 3213 423 3299 nescioquo
439 3213 547 3297 modo,
558 3221 596 3280 ut
608 3214 713 3301 magis
727 3214 761 3278 144
774 3214 847 3280 41114
861 3235 1033 3282 cernamus
1043 3235 1144 3300 quam

137 3315 169 3379 in
182 3315 347 3382 nobismet
359 3316 448 3402 ipsis,
459 3315 579 3403 siquid
591 3317 805 3404 delinquitur.
845 3315 963 3404 Itaque
974 3315 1144 3386 facillume

137 3417 347 3504 corriguntur
363 3418 399 3482 in
415 3418 581 3502 discendo,
594 3441 734 3506 quorum
750 3418 833 3484 vitia
847 3419 1021 3484 imitantur
1035 3439 1144 3484 eman·

106 3519 234 3587 sedandi
249 3525 345 3589 causa
362 3521 522 3608 magistri.
566 3519 601 3586 N
603 3543 639 3586 eo
655 3543 733 3588 44440
751 3521 895 3590 alienum
910 3528 959 3587 est
977 3521 1019 3588 a'd
1033 3520 1144 3588 44411-
1154 3530 1210 3592 147

137 3621 251 3708 gendo,
263 3644 349 3710 quae
366 3623 607 3691 dubitatio-nem
621 3623 776 3704 afferunt,
789 3623 945 3690 adhibere
960 3625 1074 3691 doctos
1088 3623 1145 3692 140

136 3728 239 3792 mines
256 3723 312 3792 vel
329 3724 431 3794 ctiam
448 3746 511 3792 usu
528 3725 652 3815 peritos
667 3732 714 3810 ot,
729 3725 810 3815 quid
828 3725 869 3791 iia
886 3725 928 3814 de
946 3732 1078 3813 quoque
1095 3723 1144 3792 oi-
