2734 4362
216 353 257 413 18
607 343 658 394 nn
680 343 832 396 osmcns

215 495 350 581 vimque
367 495 548 578 divisimus,
567 495 693 584 primns
715 493 782 576 ille,
797 493 856 581 qui
877 495 913 559 in
936 493 1006 560 veri
1029 493 1225 581 cognitione

216 598 373 680 consistit,
388 598 532 664 maxime
543 605 693 664 naturam
709 596 844 683 attingit
859 596 1048 662 humanam.
1095 597 1224 664 Omnes

216 700 305 764 enim
321 699 482 766 trahimur
499 709 534 766 et
551 699 703 766 ducimur
724 698 766 764 ad
788 699 986 785 cognitionis
1008 708 1043 764 et
1068 699 1224 768 scientiae

216 802 440 891 cupiditatem,
455 804 490 868 in
513 824 579 890 qua
595 802 754 869 excellere
772 801 948 890 pulchrum
967 810 1135 890 putamus,
1156 805 1222 872 labi

216 912 337 989 autem,
353 927 470 990 errare,
488 906 623 988 nescire,
642 904 751 991 decipi
770 912 804 970 et
821 903 947 970 malum
966 912 1000 970 et
1020 913 1118 993 turpe
1135 907 1223 974 duci·
1245 936 1259 975 s

216 1029 301 1074 mus.
344 1005 385 1072 ln
401 1007 462 1074 hoc
479 1029 600 1094 genere
618 1013 652 1074 et
673 1005 814 1072 naturali
832 1015 867 1071 et
890 1005 1028 1074 honesto
1051 1009 1119 1076 duo
1141 1011 1224 1076 vitia

217 1109 353 1175 vitanda
369 1115 456 1191 sunt,
474 1130 589 1193 unum,
604 1131 648 1175 ne
668 1108 838 1196 incognita
861 1129 922 1195 pro
946 1111 1088 1196 cognitis
1109 1112 1223 1179 lrabea-

217 1233 292 1278 mus
305 1212 412 1300 iisque
430 1220 552 1279 temero
569 1212 804 1294 assentiamnr3
827 1213 918 1299 quod
937 1215 1056 1280 vitium
1076 1215 1222 1303 elingere

217 1316 277 1404 qui
291 1314 380 1382 volet
391 1315 517 1402 (omnes
531 1323 642 1381 autem
654 1315 740 1382 velle
756 1315 902 1404 debent),
915 1318 1086 1385 adhibebit
1096 1320 1136 1384 ad
1147 1341 1222 1385 con-

171 1418 404 1487 laaideraudas
419 1440 469 1485 res
484 1427 518 1485 et
536 1425 667 1506 tempus
681 1427 715 1484 et
735 1418 952 1507 diligentiam.
999 1421 1153 1488 Alterum
1172 1431 1256 1486 estro

217 1523 348 1608 vitium,
363 1523 452 1611 quod
467 1522 603 1610 qnidam
618 1521 717 1587 nimis
733 1543 891 1610 magnum
910 1525 1056 1590 studium
1072 1525 1222 1590 multam-

217 1649 283 1715 que
300 1629 432 1715 operam
450 1628 485 1692 in
508 1648 559 1692 res
577 1627 729 1694 obscuras
751 1636 851 1713 atque
873 1625 1024 1693 difficiles
1044 1627 1220 1693 conferunt

217 1731 413 1816 easdemque
438 1751 505 1795 non
531 1730 734 1795 necessarias.
781 1729 911 1807 Quibus
936 1730 1027 1795 vitiis
1053 1729 1220 1796 declinatis

218 1832 307 1920 quod
322 1832 357 1896 in
373 1831 470 1897 rebus
484 1829 630 1897 honestis
645 1840 679 1897 et
699 1832 887 1918 cognitione
906 1832 1017 1919 dignis
1035 1854 1152 1920 operae
1170 1855 1221 1898 cn·

219 1955 339 2022 raeque
356 1941 508 2022 ponetur,
527 1934 561 2000 id
579 1935 651 2000 inre
669 1934 866 2018 laudabitur,
885 1943 922 2001 nt
940 1937 975 1999 in
993 1935 1166 2022 astrologia
1182 1935 1256 2000 (λιιι

220 2037 404 2125 Sulpicium
434 2037 631 2120 audivimus,
655 2037 689 2102 in
716 2038 896 2124 geometria
924 2038 999 2104 Sex.
1023 2036 1220 2124 Pompeium

220 2141 284 2228 ipsi
303 2140 528 2228 cognovimns,
544 2139 668 2205 multos
689 2140 724 2204 in
749 2139 936 2222 dialecticis,
958 2139 1069 2226 plnres
1091 2141 1126 2204 in
1150 2141 1220 2204 iure

220 2243 322 2326 civili,
340 2263 424 2330 qnae
446 2263 561 2310 omnes
582 2249 668 2308 artes
685 2242 721 2306 in
737 2243 807 2308 veri
825 2242 1078 2330 investigatione
1096 2265 1220 2308 versan-

221 2354 295 2428 tnr;
316 2345 410 2412 onius
424 2345 533 2412 studio
548 2365 568 2410 a
582 2345 680 2411 rebus
694 2344 848 2432 gerendis
865 2343 984 2410 abduci
998 2355 1112 2411 contra
1127 2345 1222 2412 offici·

222 2470 277 2513 um
294 2456 352 2514 cst.
389 2447 535 2514 Virtutis
549 2448 638 2515 enim
654 2447 726 2512 lans
740 2447 848 2513 omnis
863 2447 896 2510 iu
913 2447 1042 2513 actione
1056 2449 1256 2529 consistit3m

221 2573 319 2640 aqna
334 2561 443 2619 tamen
461 2551 500 2619 fit
518 2551 718 2618 intermissio
736 2571 832 2636 saepe
855 2549 1018 2637 multique
1040 2551 1162 2616 dantur
1182 2551 1220 2616 ad

221 2655 328 2722 studia
354 2656 499 2740 roditus3
522 2664 593 2722 tum
616 2653 753 2741 agitatio
776 2652 906 2734 mentis,
933 2674 1018 2738 quae
1043 2675 1219 2742 numquam

221 2760 412 2848 adquiescit,
427 2767 537 2849 potest
552 2780 612 2825 nos
629 2759 664 2822 iu
680 2755 798 2822 studiis
817 2755 1014 2842 cognitionis
1032 2757 1132 2821 etiam
1154 2758 1220 2822 sine

221 2889 320 2952 opera
341 2877 452 2934 nostra
473 2868 653 2934 continere.
699 2865 817 2931 Omnis
840 2872 951 2930 autern
980 2863 1137 2952 cogitatio
1158 2885 1220 2928 mo

222 2977 340 3054 tuaque
351 2970 453 3050 animi
464 2977 521 3034 ant
532 2970 568 3032 in
580 2967 723 3034 consiliis
735 2968 902 3056 capiendis
914 2967 956 3034 de
968 2967 1064 3033 rebus
1079 2965 1252 3034 honestisrs

222 3079 256 3136 et
281 3071 522 3156 pertinentibus
544 3070 586 3135 ad
607 3071 691 3135 bene
715 3071 873 3158 beateque
899 3069 1081 3136 vivendum
1107 3079 1164 3135 ant
1188 3070 1219 3133 in

223 3174 338 3239 studiis
347 3173 501 3239 scientiae
510 3173 773 3262 cognitionisque
786 3175 976 3242 versabitur.
1004 3173 1058 3240 Ac
1067 3173 1109 3240 de
1118 3174 1220 3261 primo

223 3277 357 3363 quidem
372 3275 470 3342 officii
485 3276 580 3342 fonte
598 3277 751 3344 diximus.

174 3338 213 3482 2⁷0
265 3377 318 3443 De
334 3379 437 3444 tribus
452 3386 562 3444 autern
578 3379 715 3466 reliquis
727 3380 883 3446 latissime
899 3387 990 3467 patet
1002 3402 1040 3447 ea
1055 3381 1149 3464 ratio,
1161 3401 1221 3467 qna

221 3481 356 3546 societas
371 3480 545 3546 hominnm
556 3482 644 3546 inter
654 3482 741 3568 ipsos
752 3491 786 3547 et
801 3483 889 3548 vitae
901 3484 993 3569 qnasi
1006 3484 1251 3549 communitasno

222 3583 418 3668 continetur,
435 3585 528 3650 cuius
543 3593 651 3672 partes
667 3584 751 3650 darae
769 3593 865 3668 sunt3
881 3586 1016 3669 iustitia,
1032 3587 1066 3650 in
1083 3606 1148 3674 qua
1163 3587 1221 3650 vir·-

221 3688 302 3754 tutis
317 3696 366 3754 est
381 3687 537 3775 splendor
551 3688 723 3769 maximus,
740 3709 781 3751 ex
797 3709 861 3774 qna
876 3688 940 3752 viri
959 3689 1037 3754 boni
1055 3689 1220 3754 nominari·
1343 3719 1345 3810 q
