2734 4362
381 393 449 444 Lus.
469 395 492 444 1.
528 394 696 444 osne-11.
733 391 856 454 §asan
1088 394 1129 455 23

117 541 282 607 maximos
296 541 405 608 luetns
420 542 546 609 incidit.
591 543 664 610 Neo
679 543 838 630 promissa
852 542 956 630 igitur
970 541 1134 608 servanda

118 652 197 708 sunt
215 665 263 728 ea,
282 646 450 730 quae'sint
472 647 523 729 iis,
543 647 663 733 quibus
685 646 884 733 promiseris,
900 645 1041 728 inutilia,
1057 665 1128 726 neo,

117 747 146 810 si
161 745 238 832 plus
253 747 315 812 tibi
330 769 368 812 ea
382 756 522 814 noceant
533 770 634 836 quam
648 749 698 814 illi
713 750 849 836 prosint,
862 749 917 815 oni
931 747 1128 835 promiseris,

117 856 235 915 eontra
256 849 402 916 officium
417 859 467 916 est
483 853 590 917 maius
606 853 764 939 anteponi
782 851 922 934 minori3
944 858 992 934 ut,
1011 850 1039 916 si
1057 871 1130 918 eon·

90 953 268 1018 nstitneris
281 953 425 1040 ouipiam
441 962 475 1020 te
489 955 684 1022 advooatum
699 957 734 1020 iu
753 977 824 1020 rem
838 962 1044 1042 praesentem
1059 974 1130 1019 esse

118 1063 299 1120 venturum
322 1064 422 1142 atque
443 1057 577 1122 interim
595 1058 740 1144 graviter
757 1064 926 1144 aegrotare
948 1055 1037 1121 filius
1059 1076 1129 1122 eoe-

116 1157 216 1243 perit,
233 1179 299 1223 non
316 1158 358 1222 sit
376 1166 490 1224 eontra
508 1158 652 1225 officium
669 1159 871 1242 nonfacere,
888 1159 978 1246 quod
996 1157 1128 1240 dixeris,

117 1260 291 1346 magisque
305 1260 372 1343 ille,
388 1262 442 1327 oui
460 1263 658 1349 promissum
676 1263 728 1344 sit,
745 1263 786 1328 ab
804 1261 911 1327 offieio
930 1261 1085 1343 discedat,
1101 1260 1129 1324 si

116 1383 154 1426 se
176 1361 375 1428 destitutum
396 1372 562 1450 queratur.
606 1364 679 1430 Iam
702 1364 768 1429 illis
789 1364 957 1450 promissis
974 1362 1129 1428 standum

77 1485 187 1529 ronon
206 1486 276 1530 esse
293 1466 367 1551 quis
385 1488 452 1532 non
470 1467 572 1548 videt,
588 1489 673 1553 quae
690 1473 820 1532 conotus
837 1465 911 1552 quis
929 1473 1030 1546 metu,
1046 1485 1130 1550 quae

118 1565 277 1652 deeeptus
298 1567 375 1633 dolo
397 1569 602 1654 promiseriti
628 1590 713 1655 qnae
731 1567 866 1654 quidem
885 1565 1041 1653 pleraque
1057 1566 1129 1630 iure

117 1669 285 1754 praetorio
299 1669 492 1754 liberantur,
507 1692 575 1736 non
591 1671 683 1735 nulia
697 1669 836 1757 legibus.
1104 1745 1106 1750 ¹

162 1769 321 1836 Existunt
343 1773 443 1837 etiam
465 1794 560 1858 saepe
581 1772 907 1838 iniuriae'oalnmnia
932 1771 1074 1858 quadem
1096 1779 1129 1836 et
1139 1786 1177 1839 33

118 1873 220 1939 nimis
241 1874 368 1957 callida,
387 1875 445 1940 sed
465 1875 629 1967 malitiosa
650 1875 731 1940 iuris
752 1876 1033 1962 interpretatione.
1077 1874 1130 1940 Ex

77 1997 188 2062 usquo
210 1975 294 2041 illud
313 1977 515 2042 “Summum
538 1977 590 2042 ius
612 1999 741 2043 summa
762 1978 910 2044 iniuria’'
929 1977 1057 2044 factum
1079 1986 1129 2043 est

119 2080 188 2144 iam
199 2079 314 2144 tritum
331 2101 480 2145 sermone
496 2081 718 2166 proverbium.
757 2079 833 2158 Quo
847 2081 882 2145 in
894 2102 1016 2168 genere
1028 2081 1129 2163 etiarn

119 2182 156 2246 in
171 2203 208 2246 re
222 2182 354 2268 publiea
368 2182 474 2248 multa
489 2172 725 2270 peooantu1·,ut
741 2183 807 2266 ille,
819 2185 887 2270 qui,
900 2206 975 2250 oum
991 2183 1130 2270 triginta

120 2285 250 2374 dierum
266 2293 373 2352 esseut
389 2308 465 2351 eum
480 2285 573 2352 hoste
588 2287 736 2352 indutiae
751 2287 867 2369 iactae,
880 2296 981 2352 noetu
997 2285 1130 2373 popula·

121 2388 220 2454 batur
236 2409 340 2474 agros,
356 2388 445 2475 quod
468 2389 597 2455 dierum
620 2397 728 2455 essent
751 2398 956 2476 poemenen
980 2389 1129 2454 noctium

79 2490 281 2556 soindntiae.
325 2491 380 2557 Ne
400 2501 511 2558 noster
528 2493 662 2578 quidem
682 2493 879 2579 probandus,
896 2493 923 2557 si
946 2515 1063 2558 verum
1080 2501 1129 2558 est

122 2592 164 2670 Q.
173 2591 314 2660 Fabium
323 2592 510 2660 Labeonem
522 2616 579 2660 seu
589 2616 687 2681 quem
701 2595 803 2660 alium
815 2594 911 2680 (nihil
923 2595 1013 2659 euim
1023 2593 1129 2660 habeo

121 2702 251 2780 praeter
272 2695 437 2783 auditum)
454 2697 615 2762 arbitrum
632 2695 772 2765 Nolanis
790 2705 825 2761 et
841 2695 1071 2781 Neapolitanis
1088 2695 1130 2760 de

120 2796 245 2870 finibus
267 2819 287 2863 a
312 2808 426 2866 senatu
451 2799 576 2881 datum,
592 2819 667 2863 ourn
690 2799 732 2863 ad
749 2798 860 2864 locum
881 2790 1129 2878 uenisseteum

121 2901 270 2986 utrisque
292 2902 467 2988 separatim
482 2901 650 2982 ioeutum,
671 2922 713 2965 ne
735 2899 853 2987 cupide
879 2899 960 2986 quid
983 2907 1129 2986 agerent,

83 3024 165 3068 esne
179 3003 382 3090 adpetenter,
393 3012 492 3091 atque
508 3010 545 3068 ut
557 3002 687 3090 regredi
701 3024 800 3089 quam
812 3001 966 3090 progredi
981 3001 1128 3068 mellent.

120 3104 164 3170 Id
180 3127 256 3170 eum
272 3107 404 3194 utrique
418 3106 584 3188 fecissent,
600 3105 806 3192 aliquantum
821 3107 892 3193 agri
907 3106 942 3170 in
957 3105 1068 3172 medio
1083 3128 1130 3172 re·

120 3207 240 3272 lictum
258 3217 317 3274 est.
362 3208 479 3296 Itaque
500 3209 635 3273 illorum
656 3208 733 3274 finis
747 3209 803 3292 sio,
818 3218 857 3274 ut
879 3208 944 3296 ipsi
966 3208 1129 3290 dixerant,

121 3311 333 3398 terminavit3
355 3311 391 3376 in
413 3311 524 3377 medio
541 3310 695 3376 relietum
713 3311 801 3397 quod
824 3317 904 3392 erat,
922 3309 1048 3398 populo
1065 3309 1130 3376 Ro

120 3431 223 3480 mano¹
236 3412 447 3484 adiudicarit.
492 3411 656 3499 Decipere
677 3411 741 3478 hoe
763 3412 898 3499 quidem
920 3420 979 3495 est,
998 3433 1064 3478 uon
1083 3411 1130 3476 iu-

87 3515 241 3580 eodioare'.
266 3537 267 3540 ¹
287 3515 447 3592 Quocirca
472 3515 509 3580 in
535 3515 627 3581 omni
652 3522 702 3580 est
727 3537 763 3580 re
789 3514 949 3601 fugienda
972 3514 1047 3580 talis
1069 3513 1131 3581 sol·

122 3617 227 3684 lertia.
1016 3681 1018 3684 .

166 3716 383 3786 Sunt‘autem
400 3719 561 3808 quaedam
579 3719 685 3788 officia
702 3719 801 3787 etiam
820 3719 977 3786 adversus
994 3740 1049 3786 eos
1067 3727 1174 3794 ser-11
