2710 4374
347 399 416 452 ΗΒ.
432 399 484 452 111.
520 399 598 450 CAP.
614 399 705 450 30-32.
741 397 757 460 5
774 401 894 450 leone.
1062 399 1125 464 165

108 549 182 615 lum
197 547 242 614 ad
259 548 482 636 astrigeudam
500 547 601 614 fidem
619 548 844 614 iureiurando
862 547 1002 614 maiores
1022 549 1126 615 artius

109 673 179 716 esse
195 650 388 717 voluerunt.
433 650 475 716 Id
490 650 638 716 indicant
652 650 741 737 leges
755 652 790 715 in
806 650 978 717 duodecim
995 650 1124 735 tabulis,

108 753 264 818 indicant
287 760 440 835 sacratae,
456 752 603 818 indicant
625 752 769 836 foedera,
785 753 906 840 quibus
926 753 1026 819 etiarn
1048 773 1125 818 cum

110 856 204 921 lroste
220 855 415 921 devincitur
432 854 524 937 fides,
540 854 688 920 indicant
706 855 858 920 notiones
875 853 1126 920 animadversio·

85 977 235 1044 suesque
252 979 437 1040 censorum,
453 957 511 1043 qni
531 956 623 1022 nulla
636 957 679 1022 de
693 979 730 1022 re
747 956 940 1044 diligentins
961 978 1060 1043 quarn
1082 957 1124 1024 de

110 1062 182 1124 inre
204 1059 351 1124 iurando
373 1059 572 1124 indicabant.
616 1057 654 1124 L.
670 1057 797 1124 Manlio
812 1059 856 1124 A.
872 1058 909 1140 f,
925 1080 1001 1125 cnm
1025 1058 1124 1126 dicta·
1136 1070 1192 1124 112

110 1170 162 1226 tor
184 1161 322 1243 fuisset,
344 1160 393 1227 M.
409 1159 616 1248 Pomponius
636 1169 676 1226 tr.
692 1160 737 1246 pl.
759 1161 848 1227 diem
869 1161 965 1244 dixit,
986 1161 1076 1248 quod
1098 1162 1126 1228 is

112 1285 235 1349 paucos
259 1263 327 1329 sibi
350 1263 421 1328 dies
442 1263 483 1328 ad
506 1263 702 1328 dictaturam
725 1263 903 1349 gerendam
926 1263 1124 1345 addidisset3

110 1365 355 1432 criminabatur
368 1366 480 1448 etiam,
495 1366 585 1453 quod
601 1364 716 1430 Titum
732 1364 849 1447 filium,
864 1366 922 1452 qui
942 1374 1055 1453 postea
1076 1373 1126 1431 cst

80 1489 104 1529 rr
113 1467 307 1554 Torquatus
321 1466 518 1555 appellatus,
533 1469 575 1534 ab
595 1459 785 1534 hominibus
804 1467 979 1554 relegasset
1000 1474 1035 1533 et
1056 1468 1125 1533 ruri

110 1569 262 1636 habitare
295 1571 450 1636 iussisset.
495 1570 593 1648 Quod
623 1592 699 1636 cum
729 1571 908 1636 audivisset
937 1569 1126 1637 adulescens

112 1670 210 1756 filius,
234 1672 412 1760 negotium
435 1671 584 1738 exhiberi
609 1673 706 1760 patri,
729 1673 905 1752 accrrrrisse
927 1671 1071 1739 Romam
1091 1680 1126 1738 et

113 1795 185 1841 eum
203 1776 320 1862 primo
334 1774 400 1841 luci
414 1774 582 1862 Pomponi
598 1775 734 1841 domum
749 1775 878 1842 venisse
893 1775 1024 1842 dicitur.
1061 1775 1125 1842 Oui

114 1898 187 1942 cnm
210 1886 303 1944 esset
324 1878 525 1958 nuntiatum,
543 1879 603 1966 qni
625 1878 721 1944 illum
743 1878 863 1944 iratum
885 1878 1061 1946 allaturum
1083 1879 1125 1945 ad

83 2000 148 2046 nse
161 1980 294 2069 aliquid
309 1989 423 2060 contra
437 1990 564 2069 patrem
580 1982 803 2067 arbitraretur,
815 1983 957 2050 surrexit
971 2004 990 2050 e
1005 1969 1126 2052 lectulo

115 2085 322 2172 remotisque
344 2085 475 2151 arbitris
496 2085 537 2150 ad
559 2106 595 2151 se
616 2085 859 2152 adulescentem
886 2086 979 2153 iussit
1000 2087 1123 2153 venire.

116 2185 164 2251 At
179 2186 247 2269 ille,
269 2195 308 2253 ut
323 2179 488 2275 ingressus
505 2195 565 2271 est,
583 2188 758 2255 confestim
780 2188 928 2276 gladium
951 2189 1126 2257 destrinxit

117 2287 309 2378 iuravitque
323 2311 358 2356 se
372 2290 468 2356 illurn
483 2291 594 2357 statim
607 2291 869 2376 interfecturum,
881 2293 945 2358 nisi
956 2292 1008 2359 ius
1019 2293 1125 2358 iuran-

118 2391 196 2457 dum
223 2393 292 2459 sibi
317 2393 460 2460 dedisset
483 2414 518 2459 se
543 2401 671 2480 patrem
695 2395 831 2460 missum
855 2416 924 2461 esse
947 2394 1124 2462 facturum.

88 2491 246 2561 aluravir
266 2495 328 2561 hoc
343 2503 467 2562 terrore
482 2504 612 2562 coactns
627 2495 851 2584 Pornponius3
872 2519 943 2563 rem
960 2497 1002 2562 ad
1024 2519 1126 2584 popu·

119 2595 338 2682 lnmdetulit,
354 2598 476 2682 docuit,
491 2620 550 2664 cur
563 2598 627 2665 sibi
641 2620 738 2665 causa
755 2599 912 2666 desistere
929 2619 1059 2664 necesse
1079 2619 1126 2663 es

120 2707 179 2782 set,
193 2697 363 2766 Manlium
383 2700 519 2766 missum
538 2699 628 2768 fecit.
674 2701 818 2766 Tantum
836 2700 1040 2787 temporibus
1061 2698 1127 2763 illis

121 2801 371 2869 iusiurandum
393 2802 533 2870 valebat.
577 2804 693 2890 Atque
715 2802 771 2869 hic
792 2803 831 2868 Τ.
850 2801 996 2868 Manlius
1016 2801 1045 2866 is
1066 2809 1126 2884 est,

122 2903 177 2988 qui
195 2906 237 2972 ad
256 2905 421 2972 Anienem
440 2905 540 2989 Galli,
556 2926 657 2991 qucm
675 2905 717 2972 ab
734 2927 773 2972 eo
791 2913 986 2992 provocatus
1004 2903 1128 2970 occide·

93 3015 181 3088 arat,
196 3014 318 3095 torque
333 3008 481 3075 detracto
495 3029 679 3094 cognomen
691 3008 830 3091 invenit,
843 3007 934 3074 cuins
945 3007 1043 3074 tertio
1054 3029 1128 3074 con·

124 3107 230 3178 sulatu
247 3110 357 3176 Latini
372 3111 414 3178 ad
431 3111 583 3178 Veserim
599 3110 668 3176 fusi
682 3119 717 3177 et
734 3110 853 3198 fugati,
869 3132 1008 3198 magnus
1021 3111 1075 3176 vir
1091 3112 1126 3176 in

125 3211 239 3296 primis
264 3222 309 3297 et,
331 3215 389 3300 qui
416 3213 654 3302 perindulgens
678 3213 713 3279 in
738 3224 875 3302 patrem,
898 3214 987 3280 idem
1013 3215 1128 3282 acerbe

127 3333 257 3382 severus
271 3316 307 3381 iu
324 3315 442 3382 filium.

118 3475 122 3479 .
168 3416 243 3502 Sed,
265 3427 305 3484 ut
326 3419 510 3486 laudandus
531 3418 682 3506 Regulus
698 3420 733 3484 in
752 3421 974 3487 conservando
992 3420 1064 3486 iure
1080 3420 1195 3526 iu·113

97 3520 237 3604 rorando,
261 3521 308 3588 sic
334 3520 532 3604 decemilli,
553 3543 635 3608 quos
654 3530 729 3608 post
752 3523 958 3591 Cannensem
979 3545 1128 3612 pugnam

129 3618 247 3690 iuratos
261 3624 303 3688 ad
321 3633 471 3690 senatum
487 3624 577 3688 misit
592 3623 762 3690 Hannibal
780 3647 814 3691 se
832 3626 867 3690 iu
886 3637 991 3692 castra
1005 3627 1129 3694 reditu-

129 3740 179 3788 ros
192 3746 239 3811 ea,
256 3747 399 3815 qnorum
417 3734 511 3794 erant
528 3725 628 3814 potiti
645 3725 762 3812 Poeni,
778 3727 843 3793 nisi
864 3727 906 3794 de
928 3727 1129 3794 redimendis
