2710 4374
368 434 435 484 nra.
455 435 493 485 11.
529 432 608 484 cnr.
628 437 670 498 ar,
686 437 725 490 aa.
762 434 886 497 §ra-rr.
1070 432 1133 498 109

101 590 153 662 est
169 582 206 648 in
224 583 327 648 omni
346 583 577 670 procuratione
594 584 720 671 negotii
735 591 768 650 et
783 585 931 651 muneris
945 584 1080 672 publici,
1092 593 1132 651 ut

101 686 268 751 avaritiae
286 685 438 772 pellatur
456 685 557 752 etiam
576 685 714 751 minima
731 687 883 774 suspicio.
930 686 1130 770 “Utinam”

101 788 218 875 inquit
231 788 273 855 Ο.
289 787 438 855 Pontius
451 788 591 871 Samnis,
609 792 629 826 “
638 788 681 853 ad
695 788 752 855 illa
763 797 913 876 tempora
928 812 982 856 me
996 790 1132 856 fortuna

102 892 355 958 reservavisset
369 900 404 958 et
419 900 490 956 turn
509 913 612 958 essem
632 899 739 975 uatus,
762 893 894 979 qnando
916 893 1061 962 Romani
1082 914 1132 960 ao

79 995 217 1082 ⁸ccipere
236 995 336 1060 dona
358 994 561 1081 coepissentl
585 1015 652 1060 non
676 1016 780 1060 essem
804 1017 916 1082 passus
934 996 1059 1062 diutius
1076 1018 1132 1063 eos

103 1097 313 1184 irnperare.'’
350 1096 406 1163 Ne
421 1096 470 1162 illi
486 1096 592 1162 multa
611 1097 739 1163 saccula
750 1099 967 1185 exspectanda
978 1099 1131 1182 fuerunt;

105 1201 207 1266 modo
223 1199 324 1266 enim
344 1199 408 1270 boc
425 1199 551 1265 malum
575 1199 610 1264 in
629 1199 714 1266 hanc
731 1221 800 1266 rem
815 1200 981 1288 publicam
999 1202 1130 1268 invasit.

105 1301 230 1389 Itaque
249 1303 359 1369 facile
374 1304 483 1390 patior
499 1310 573 1368 tum
591 1302 702 1390 potius
724 1301 885 1368 Pontium
903 1303 1016 1388 fnisse,
1034 1305 1132 1392 siqui·

107 1404 184 1470 dem
200 1405 238 1470 in
255 1405 322 1472 illo
337 1413 471 1471 tantum
492 1405 560 1470 fnit
582 1405 718 1470 roboris.
762 1403 925 1470 Nondum
947 1415 1081 1472 centurn
1097 1415 1132 1472 ct

75 1506 225 1572 rodecem
245 1508 333 1573 anni
352 1514 440 1591 sunt,
459 1529 534 1574 cum
553 1506 595 1572 do
613 1505 764 1593 pecuniis
782 1507 974 1593 repetundis
992 1528 1010 1572 a
1025 1507 1062 1574 L.
1078 1507 1133 1574 Pi·

111 1631 190 1675 sone
215 1609 288 1676 lata
310 1611 373 1687 lox
395 1619 454 1694 est,
477 1609 569 1675 nulla
592 1615 689 1675 antea
711 1631 787 1675 curn
809 1609 937 1675 fuisset.
981 1611 1031 1675 At
1054 1632 1132 1676 vero

109 1722 225 1798 postea
240 1721 296 1780 tot
314 1713 406 1801 leges
421 1721 454 1778 et
470 1731 651 1800 proxumae
666 1703 818 1798 quaeque
833 1712 991 1795 duriores,
1008 1721 1058 1778 tot
1074 1714 1130 1796 rei,
1217 1699 1221 1712 ”

112 1823 162 1880 tot
180 1815 349 1898 damnati,
368 1824 498 1880 tantum
517 1814 700 1900 [Italicum]
721 1814 847 1880 bellum
865 1824 1003 1902 propter
1019 1814 1132 1880 iudici-

113 1939 208 1983 orum
224 1928 362 1985 motnm
380 1918 572 2001 excitatum,
589 1926 681 1983 tanta
698 1917 834 1983 sublatis
850 1917 978 2004 legibus
996 1927 1029 1984 ct
1046 1918 1133 1984 iudi-

84 2021 173 2089 neiis
191 2022 358 2110 expilatio
376 2021 586 2107 direptioque
605 2021 778 2103 sociorum,
794 2028 832 2086 ut
846 2019 1061 2086 inbecillitate
1075 2020 1131 2086 ali-

116 2143 235 2206 orum,¹
251 2147 323 2191 non
349 2132 459 2190 nostra
484 2124 608 2189 virtute
632 2122 808 2188 valeamus.
852 2121 979 2188 Laudat
1003 2096 1178 2240 Africa-²7²

117 2245 197 2292 num
211 2226 408 2310 Panaetius,
420 2226 510 2313 quod
525 2225 629 2291 frrerit
646 2226 822 2293 abstinens.
854 2224 981 2304 Quidni
997 2225 1130 2292 landett
1162 2188 1179 2240 6

119 2325 183 2394 Sed
197 2330 234 2395 in
250 2330 313 2396 illo
328 2329 392 2394 alia
409 2329 533 2394 maiora
547 2349 556 2410 3
579 2327 648 2393 laus
666 2328 883 2394 abstinentiae
901 2349 967 2394 non
986 2328 1132 2394 hominis

120 2439 167 2494 est
181 2431 305 2516 solum,
322 2431 379 2498 sed
398 2431 498 2496 etiam
514 2438 702 2517 temporum
716 2429 861 2496 illorum.
907 2430 1010 2495 Omni
1025 2430 1131 2497 Mace-

90 2531 244 2600 adonnm
263 2557 356 2622 gaza,
371 2556 456 2620 quae
472 2533 538 2598 fnit
554 2532 706 2615 maxima,
718 2533 845 2618 potitus
859 2531 985 2598 Paulus
1001 2541 1130 2598 tantum

123 2633 155 2698 in
184 2638 351 2724 aerarium
381 2637 540 2724 pecuniae
572 2635 711 2716 invexit,
741 2641 780 2698 ut
808 2635 907 2700 unius
935 2635 1132 2722 inperatoris

124 2740 242 2822 praeda
265 2741 368 2806 finem
392 2739 541 2805 attulerit
564 2739 777 2804 tributorum.
822 2738 871 2801 At
893 2736 948 2802 hic
971 2735 1055 2801 nihil
1078 2737 1132 2803 do-

126 2859 214 2908 mum
229 2865 324 2910 suam
338 2843 451 2908 intulit
463 2849 593 2929 praeter
604 2839 797 2924 memoriam
810 2840 953 2905 nominis
964 2839 1132 2926 sernpiter-

127 2961 210 3012 nam.
255 2945 412 3012 Imitatus
434 2953 563 3032 patrem
585 2943 769 3024 Africanus
799 2940 905 3008 nihilo
934 2943 1132 3031 locupletior

99 3043 326 3138 aOartlragine
341 3070 461 3114 eversa.
497 3047 609 3125 Qnidt
628 3046 686 3132 qui
700 3045 772 3112 eius
787 3043 911 3132 collega
925 3045 993 3112 fuit
1008 3049 1042 3112 in
1058 3070 1132 3115 cen·

128 3167 207 3235 sura,
225 3151 263 3218 L.
283 3150 475 3232 Mummius,
491 3148 653 3235 numquid
671 3147 845 3235 copiosior,
860 3151 1132 3238 cumcopiosissi-

130 3271 211 3318 nram
227 3254 343 3320 urbem
356 3253 510 3318 funditus
521 3251 725 3318 sustulissetl
758 3249 890 3316 Italiam
906 3275 1021 3320 ornare
1032 3276 1128 3340 quam

130 3352 259 3424 domum
276 3378 367 3422 suam
388 3355 525 3437 maluit3
547 3375 749 3441 quamquam
768 3352 866 3418 Italia
884 3364 997 3430 ornata
1014 3356 1132 3423 domus

132 3454 196 3541 ipsa
210 3459 293 3525 mihi
307 3459 441 3524 videtur
456 3457 611 3523 ornatior.
631 3481 633 3488 ⁴
656 3455 691 3521 N
694 3455 799 3520 ullum
817 3455 922 3542 igitur
934 3457 1052 3522 vitium
1068 3466 1131 3524 tae·
1142 3464 1179 3522 'tt

105 3559 279 3645 atriusest‚
292 3568 391 3642 uteo,
403 3559 632 3646 undeegrcssa
646 3565 706 3640 cst,
721 3556 844 3623 referat
859 3579 894 3623 so
905 3559 1020 3641 oratio,
1033 3580 1132 3646 quam

134 3664 272 3748 avaritia,
296 3663 489 3750 praesertim
514 3662 549 3725 in
577 3660 784 3748 principibus
809 3667 843 3725 et
857 3682 940 3742 ¹rem
966 3661 1131 3747 publicam

135 3765 398 3846 gnbemantibus.
442 3763 577 3831 Habere
603 3763 692 3830 euim
711 3763 862 3850 quaestui
880 3757 1133 3850 rempublicam
