2710 4374
431 983 572 1052 LIBER
601 982 860 1054 SECUNDUS.

573 1141 711 1152 ..ι-...-

183 1244 293 1322 Quem
319 1243 521 1309 admodum
547 1243 652 1310 officia
676 1244 876 1311 ducerentur
901 1245 943 1311 ab
968 1216 1181 1360 honestata}

137 1345 253 1412 Marce
267 1345 326 1428 fili,
338 1352 438 1432 atque
456 1347 497 1412 ab
515 1347 607 1411 omni
623 1367 745 1432 genere
763 1347 906 1429 virtutis,
918 1347 995 1412 satis
1012 1347 1151 1434 expliea-

139 1443 213 1514 tu'm
229 1449 370 1515 arbitror
384 1448 469 1514 libro
485 1449 662 1536 superiore.
708 1449 876 1535 Sequitur,
886 1457 924 1513 ut
935 1448 1015 1515 haec
1030 1449 1151 1515 officio-

139 1575 215 1618 rum
233 1573 355 1639 genera
371 1573 558 1638 persequar,
570 1573 654 1638 quae
671 1551 841 1638 pertinent
859 1551 900 1616 ad
916 1551 1004 1616 vitae
1021 1551 1150 1617 cultum

113 1663 175 1721 set
197 1655 238 1720 ad
261 1676 375 1720 earum
397 1675 518 1736 rerum,
535 1654 656 1740 quibus
678 1659 820 1718 utuntur
840 1652 999 1736 homines,
1016 1652 1151 1720 faculta-

139 1766 219 1840 tem,
232 1758 273 1822 ad
291 1778 379 1844 epea,
392 1757 433 1821 ad
451 1757 580 1842 copias;
606 1757 654 1840 [in
674 1777 740 1842 qno
759 1763 830 1821 tum
846 1756 958 1842 quaeri
977 1756 1056 1838 dixi,
1069 1757 1149 1843 quid

138 1859 233 1942 utile,
243 1859 324 1946 quid
339 1859 467 1940 inutile,
479 1867 550 1922 turn
566 1879 607 1923 ex
623 1857 760 1924 utilibus
775 1858 855 1945 quid
868 1858 981 1923 utilius
996 1867 1054 1924 aut
1068 1859 1150 1946 quid

139 1963 285 2028 maxime
306 1961 433 2046 utile].-
458 1960 513 2026 De
535 1961 655 2048 quibus
675 1961 784 2027 dicere
806 1961 988 2049 adgrediar,
1000 1963 1026 2028 si
1046 1983 1150 2049 pauca

138 2065 232 2153 prius
254 2065 296 2130 de
317 2064 471 2129 instituto
495 2084 532 2129 ac
554 2063 596 2130 de
617 2063 740 2129 iudicio
762 2085 836 2130 meo
859 2064 983 2130 dixero.
1028 2064 1176 2143 Quam-2

101 2181 240 2256 ro'quam
256 2167 346 2233 enirn
358 2166 435 2232 libri
446 2165 550 2232 nostri
562 2166 745 2253 complures
760 2188 825 2232 non
840 2167 938 2232 modo
953 2167 994 2233 ad
1005 2167 1148 2255 legendi,

138 2272 198 2338 sed
213 2271 313 2336 etiam
328 2270 370 2336 ad
385 2268 548 2336 scribendi
563 2269 710 2334 studium
725 2270 963 2353 excitaverunt,
975 2278 1086 2337 tamen
1101 2272 1149 2336 in·

138 2375 273 2441 terdum
285 2385 417 2456 uereor,
432 2393 476 2438 ne
495 2372 692 2459 quibusdam
710 2373 804 2438 bonis
822 2373 902 2438 viris
921 2372 1149 2460 philosophiae

138 2499 261 2544 nomen
274 2477 316 2542 sit
328 2471 471 2541 invisum
485 2476 712 2562 mirenturque
723 2475 757 2539 in
771 2496 809 2540 ea
819 2482 949 2540 tantum
962 2497 1015 2541 me
1030 2497 1149 2562 operae

140 2589 175 2647 et
189 2580 346 2668 temporis
359 2600 490 2666 ponere.
535 2577 608 2666 Ego
626 2587 747 2660 autem,
760 2598 858 2663 quam
875 2577 932 2641 diu
950 2578 1149 2664 respublica

104 2703 201 2772 uper
224 2705 280 2750 eos
298 2683 489 2770 gerebatur,
508 2681 629 2768 qrribus
654 2701 688 2745 se
710 2680 782 2765 ipsa
807 2678 1023 2760 commiserat,
1042 2680 1149 2744 omnis

140 2808 229 2852 meas
250 2807 343 2852 ouras
365 2785 647 2873 cogitationesque
666 2783 701 2845 in
725 2801 798 2846 eam
820 2779 1050 2862 conferebam3
1072 2801 1150 2846 oum

140 2896 252 2954 autem
274 2888 446 2954 dominatu
467 2887 567 2952 unius
589 2883 701 2950 omnia
723 2889 916 2947 tenerentur
935 2903 1042 2968 neque
1064 2890 1149 2948 esset

140 3013 279 3078 usquam
305 2989 441 3057 oonsilio
467 2996 524 3054 aut
549 2985 735 3054 auctoritati
757 2983 858 3067 locus,
876 2983 981 3050 socios
1005 2985 1148 3072 denique

141 3095 282 3160 tuendae
300 3094 347 3160 rei
366 3091 527 3180 publicae,
540 3110 686 3156 summos
701 3088 799 3171 viros,
812 3087 1001 3171 amisissem,
1014 3109 1075 3155 neo
1093 3112 1147 3156 me

107 3198 319 3285 nangoribus
336 3195 458 3279 dedidi,
471 3195 591 3281 quibus
608 3215 712 3259 essem
727 3190 908 3275 confectus,
920 3191 984 3256 nisi
999 3192 1040 3258 iis
1057 3194 1147 3258 resti-

140 3301 263 3383 tissem,
273 3320 334 3365 nee
348 3319 478 3363 rursum
493 3295 640 3382 indignis
651 3295 786 3361 homine
800 3294 898 3360 docto
911 3293 1145 3381 voluptatibus.

142 3403 256 3489 Atque
273 3401 400 3466 utinam
418 3420 469 3465 res
486 3393 618 3486 publicu
635 3398 867 3483 stetissetque
884 3405 1046 3483 coeperat,
1058 3404 1173 3462 statua

139 3505 252 3571 necin
270 3503 421 3569 homines
439 3523 505 3568 non
526 3509 593 3566 tam
614 3499 921 3567 commutandarum
938 3521 1036 3586 quam
1057 3521 1146 3566 ever·

140 3607 313 3674 teudarum
325 3627 435 3672 rerum
450 3603 587 3690 cupidos
597 3601 784 3669 incidissetl
829 3600 982 3667 Primum
997 3601 1096 3684 enim,
1107 3610 1146 3667 ut

107 3733 132 3776 aa
140 3718 247 3777 stante
257 3732 294 3776 re
305 3708 438 3798 publiea
448 3707 557 3773 facere
568 3705 762 3788 solebamus,
772 3703 807 3768 in
820 3703 948 3791 agendo
959 3703 1034 3792 plus
1045 3724 1145 3790 quarn
