2734 4362
217 378 261 442 54
610 373 663 426 nn
683 372 839 427 osricus
880 411 884 422 .

216 546 301 592 mus.
344 523 435 592 Nam
456 545 570 614 regna,
582 523 732 614 imperia,
743 523 907 609 nobilitas,
920 523 1072 607 honores,
1082 523 1223 608 divitiae,

216 649 296 716 opes
310 649 424 716 eaque,
435 649 520 716 quae
536 636 614 695 sunt
628 628 680 694 his
697 627 870 712 contraria,
881 627 916 693 in
933 649 1009 693 casu
1026 628 1091 692 sita
1103 633 1225 714 tempo

216 731 308 798 ribus
324 731 572 819 gubernantum
593 731 658 818 ipsi
673 737 786 796 autem
803 751 918 818 gerere
935 750 1036 817 quam
1053 750 1225 816 personam

217 833 398 918 velimnsa
411 843 523 900 nostra
535 831 705 900 voluntate
716 831 944 920 proficiscitur.
988 831 1109 918 Itaque
1123 853 1159 898 se
1172 831 1226 897 alii

216 937 258 1004 ad
276 935 529 1025 philosophiam,
544 934 602 1002 alii
619 935 661 1002 ad
678 935 731 1002 ius
747 935 856 1019 civile,
869 934 925 1001 alii
938 934 986 1000 'ad
1004 934 1225 1022 eloquentiam
1241 955 1254 994 s

215 1039 395 1128 applicant,
412 1039 624 1126 ipsarumque
649 1038 813 1103 virtutum
839 1038 874 1102 in
901 1037 966 1103 alia
989 1036 1075 1102 alius
1098 1037 1227 1102 mavult

150 1139 384 1208 lloexcellere.
424 1140 577 1218 Quorum
592 1161 671 1206 vero
685 1147 796 1227 patres
809 1147 867 1206 aut
880 1139 1021 1206 maiores
1035 1139 1149 1226 aliqua
1161 1139 1227 1226 glo

215 1243 266 1309 ria
275 1242 523 1330 praestiterunt,
533 1243 557 1308 ii
572 1241 708 1308 student
718 1241 915 1330 plerumque
930 1241 1047 1308 eodem
1059 1241 1095 1306 in
1106 1261 1227 1329 genere

215 1344 324 1412 landis
340 1345 509 1430 excellere,
521 1351 559 1411 nt
577 1345 619 1424 Q.
628 1343 821 1412 MuciusP.
832 1344 858 1410 f.
870 1344 906 1409 in
924 1344 997 1411 inre
1008 1344 1118 1429 emili,
1130 1344 1227 1412 Pauli

215 1447 305 1515 filius'
321 1447 504 1515 Africanus
522 1449 557 1514 in
574 1469 611 1514 re
627 1446 775 1512 militari.
819 1446 967 1525 Quidam
984 1456 1097 1513 autem
1115 1448 1158 1513 ad
1176 1464 1256 1514 easn

215 1547 1227 1640 landes,quasapatribnsaeceperunt,adduntaliqnamsuam,

214 1663 254 1726 ut
271 1653 326 1722 hio
347 1654 438 1720 idem
459 1651 642 1720 Africanus
663 1651 853 1740 eloquentia
874 1651 1057 1718 cumulavit
1076 1651 1228 1718 bellicam

214 1755 376 1844 gloriam
401 1755 492 1844 quod
516 1754 608 1820 idem
631 1753 715 1821 feeit
737 1753 933 1820 Timotheus
956 1753 1104 1820 Oononis
1128 1753 1227 1836 filius,

215 1859 274 1944 qui
289 1880 366 1926 oum
380 1857 460 1925 belli
475 1856 572 1924 leude
587 1877 654 1924 non
669 1856 810 1923 inferior
822 1855 941 1924 fnisset
956 1857 1056 1944 quam
1071 1864 1176 1943 pater,
1188 1857 1227 1922 ad

215 1981 290 2026 eam
306 1960 439 2027 laudem
457 1960 626 2028 doetrinae
644 1967 678 2026 et
695 1959 822 2047 ingenii
839 1959 978 2047 gloriam
996 1958 1128 2026 adiecit.
1173 1958 1257 2024 Fitrs

216 2069 327 2127 autem
346 2062 528 2146 interdum,
539 2069 580 2128 ut
597 2083 664 2128 non
682 2061 768 2127 nulli
785 2063 905 2128 omissa
922 2060 1110 2128 imitatione
1130 2061 1227 2128 maio

216 2185 291 2230 rum
306 2185 404 2230 snum
418 2165 584 2252 quoddam
600 2165 792 2230 institutum
806 2173 1059 2250 consequantur,
1070 2165 1228 2231 maxime-

216 2287 282 2354 que
299 2265 334 2331 in
353 2289 393 2333 eo
410 2267 607 2356 plerumque
624 2267 793 2335 elaborant
810 2267 845 2350 ii,
861 2266 918 2354 qni
936 2287 1058 2354 magna
1074 2267 1138 2334 sibi
1157 2289 1227 2354 pro

150 2376 347 2456 lltponunt
369 2369 513 2436 obscuris
540 2371 603 2436 orti
626 2371 816 2437 maioribus.
859 2369 954 2435 Haec
969 2368 1080 2456 'igitur
1104 2369 1225 2451 omnia,

215 2491 293 2536 eum
311 2472 509 2560 quaerimus,
525 2472 607 2570 quid
625 2473 748 2556 deceat,
764 2470 940 2558 complecti
958 2471 1069 2536 animo
1089 2479 1125 2537 et
1143 2473 1255 2558 cogi-rr

216 2573 342 2642 tatione
359 2573 536 2657 debemns3
558 2575 592 2640 in
611 2574 729 2661 primis
748 2580 860 2640 autem
877 2573 1148 2639 constituendum
1169 2582 1225 2654 est,

216 2682 299 2766 quos'
312 2700 373 2745 nos
388 2685 422 2744 ot
436 2676 549 2765 quales
566 2697 637 2742 esse
651 2675 794 2742 velimus
808 2683 842 2741 et
857 2675 891 2740 in
908 2678 974 2762 quo
991 2677 1114 2762 'genere
1129 2677 1225 2758 ritae,

216 2787 302 2868 quae
309 2780 505 2868 deliberatio
517 2787 566 2846 est
578 2779 727 2845 omnium
738 2777 941 2844 difficillima.
982 2777 1126 2844 Ineunte
1137 2779 1225 2845 enim

216 2883 447 2966 adulescentia,
462 2905 538 2950 cum
556 2888 606 2948 est
623 2881 767 2947 maxima
784 2880 982 2948 inbecillitas
999 2881 1138 2965 consilii,
1155 2889 1224 2946 tum

216 2983 251 3048 id
270 2984 334 3049 sibi
347 2985 486 3070 quisque
502 3005 608 3072 genus
625 2984 748 3050 aetatis
756 2983 927 3070 degendae
943 2984 1126 3066 constitnit,
1138 2983 1253 3071 quode

217 3083 361 3150 maxime
376 3083 560 3169 adamavit3
579 3087 694 3174 itaque
711 3087 789 3152 en'te
803 3084 994 3172 implicatur
1009 3085 1123 3172 aliquo
1137 3093 1225 3151 oerto

216 3207 339 3274 genere
358 3208 521 3276 cursuque
537 3189 685 3271 vivendi,
701 3210 801 3275 quam
818 3188 939 3276 potuit,
955 3187 1044 3274 quod
1062 3187 1224 3275 optimum

150 3297 311 3372 118esset,
326 3289 481 3356 iudicare.
524 3289 615 3358 Nam
638 3291 727 3379 qnod
746 3289 928 3356 Horoulenr
952 3289 1114 3356 Prodions
1135 3289 1224 3372 dicit,

216 3399 256 3456 ut
278 3398 329 3456 est
353 3391 442 3479 apud
464 3391 736 3480 Xenophontem,
754 3415 832 3460 eum
854 3393 1001 3480 primum
1023 3393 1224 3478 pubesceret,

216 3492 307 3580 quod
326 3497 459 3581 tempus
479 3515 500 3560 a
520 3502 639 3560 natura
660 3495 702 3561 ad
724 3495 951 3583 deligendum,
966 3515 1067 3581 quam
1090 3495 1252 3581 quisqneso

217 3595 307 3660 viam
324 3596 461 3664 vivendi
478 3597 523 3663 sit
539 3597 756 3684 ingressurus,
771 3597 887 3664 datum
905 3603 965 3679 est,
981 3596 1086 3661 exisse
1102 3595 1138 3660 in
1155 3593 1225 3662 solt

217 3697 370 3765 tudinem
384 3705 484 3786 atque
499 3698 547 3764 ibi
561 3698 805 3778 sedentemdiu
819 3719 931 3764 seeum
946 3697 1156 3784 inultumque
1170 3695 1224 3763 du-
