<?xml version="1.0" encoding="UTF-8"?>
<!DOCTYPE html PUBLIC "-//W3C//DTD XHTML 1.0 Transitional//EN"
    "http://www.w3.org/TR/xhtml1/DTD/xhtml1-transitional.dtd">
<html xmlns="http://www.w3.org/1999/xhtml" xml:lang="en" lang="en">
 <head>
  <title>
</title>
<meta http-equiv="Content-Type" content="text/html;charset=utf-8" />
  <meta name='ocr-system' content='tesseract 3.04.00' />
  <meta name='ocr-capabilities' content='ocr_page ocr_carea ocr_par ocr_line ocrx_word'/>
</head>
<body>
  <div class='ocr_page' id='page_1' title='image "./mtulliiciceroni00sticgoog_0172.png"; bbox 0 0 2710 4374; ppageno 0'>
   <div class='ocr_carea' id='block_1_1' title="bbox 191 370 808 439">
    <p class='ocr_par' dir='ltr' id='par_1_1' title="bbox 191 370 808 439">
     <span class='ocr_line' id='line_1_1' title="bbox 191 370 808 439; baseline 0.002 -18"><span class='ocrx_word' id='word_1_1' title='bbox 191 374 255 439; x_wconf 76' lang='lat'><strong>142</strong></span> <span class='ocrx_word' id='word_1_2' title='bbox 581 370 632 422; x_wconf 82' lang='lat' dir='ltr'><strong>uu</strong></span> <span class='ocrx_word' id='word_1_3' title='bbox 653 370 808 424; x_wconf 84' lang='lat' dir='ltr'><strong>orsrcns</strong></span> 
     </span>
    </p>
   </div>
   <div class='ocr_carea' id='block_1_2' title="bbox 127 518 1246 3173">
    <p class='ocr_par' dir='ltr' id='par_1_2' title="bbox 142 518 1238 1101">
     <span class='ocr_line' id='line_1_2' title="bbox 142 518 1200 608; baseline -0.006 -18"><span class='ocrx_word' id='word_1_4' title='bbox 142 543 181 598; x_wconf 80' lang='lat'><strong>53</strong></span> <span class='ocrx_word' id='word_1_5' title='bbox 191 543 323 590; x_wconf 83' lang='lat' dir='ltr'><strong>necesse</strong></span> <span class='ocrx_word' id='word_1_6' title='bbox 336 519 417 589; x_wconf 83' lang='lat' dir='ltr'><strong>est.’&#39;</strong></span> <span class='ocrx_word' id='word_1_7' title='bbox 455 523 475 560; x_wconf 89' lang='lat'><strong>“</strong></span> <span class='ocrx_word' id='word_1_8' title='bbox 484 518 596 586; x_wconf 90' lang='lat' dir='ltr'><strong>Immo</strong></span> <span class='ocrx_word' id='word_1_9' title='bbox 610 520 721 604; x_wconf 89' lang='lat' dir='ltr'><strong>vero,’&#39;</strong></span> <span class='ocrx_word' id='word_1_10' title='bbox 736 520 867 608; x_wconf 84' lang='lat' dir='ltr'>inquiet</span> <span class='ocrx_word' id='word_1_11' title='bbox 881 519 948 604; x_wconf 90' lang='lat' dir='ltr'><strong>illc,</strong></span> <span class='ocrx_word' id='word_1_12' title='bbox 964 523 985 557; x_wconf 91' lang='lat'>“</span> <span class='ocrx_word' id='word_1_13' title='bbox 994 541 1124 587; x_wconf 86' lang='lat' dir='ltr'><strong>necesse</strong></span> <span class='ocrx_word' id='word_1_14' title='bbox 1139 530 1200 602; x_wconf 87' lang='lat' dir='ltr'><strong>est,</strong></span> 
     </span>
     <span class='ocr_line' id='line_1_3' title="bbox 190 621 1204 714; baseline -0.006 -21"><span class='ocrx_word' id='word_1_15' title='bbox 190 625 356 714; x_wconf 89' lang='lat' dir='ltr'><strong>siquidem</strong></span> <span class='ocrx_word' id='word_1_16' title='bbox 371 621 551 690; x_wconf 83' lang='lat' dir='ltr'><strong>meministi</strong></span> <span class='ocrx_word' id='word_1_17' title='bbox 566 643 636 689; x_wconf 86' lang='lat' dir='ltr'><strong>esse</strong></span> <span class='ocrx_word' id='word_1_18' title='bbox 650 623 739 690; x_wconf 87' lang='lat' dir='ltr'><strong>inter</strong></span> <span class='ocrx_word' id='word_1_19' title='bbox 749 622 901 690; x_wconf 89' lang='lat' dir='ltr'><strong>homines</strong></span> <span class='ocrx_word' id='word_1_20' title='bbox 915 632 1032 688; x_wconf 86' lang='lat' dir='ltr'><strong>natura</strong></span> <span class='ocrx_word' id='word_1_21' title='bbox 1047 624 1204 689; x_wconf 89' lang='lat' dir='ltr'><strong>coniunc-</strong></span> 
     </span>
     <span class='ocr_line' id='line_1_4' title="bbox 191 723 1204 813; baseline -0.006 -17"><span class='ocrx_word' id='word_1_22' title='bbox 191 737 260 796; x_wconf 80' lang='lat' dir='ltr'><strong>tam</strong></span> <span class='ocrx_word' id='word_1_23' title='bbox 276 725 498 796; x_wconf 83' lang='lat' dir='ltr'><strong>societatem.’&#39;</strong></span> <span class='ocrx_word' id='word_1_24' title='bbox 544 723 747 809; x_wconf 73' lang='lat' dir='ltr'><strong>“Memini&#39;’</strong></span> <span class='ocrx_word' id='word_1_25' title='bbox 763 726 894 813; x_wconf 84' lang='lat' dir='ltr'><strong>inquiet</strong></span> <span class='ocrx_word' id='word_1_26' title='bbox 915 725 991 808; x_wconf 84' lang='lat' dir='ltr'><strong>ille3</strong></span> <span class='ocrx_word' id='word_1_27' title='bbox 1007 726 1095 792; x_wconf 90' lang='lat' dir='ltr'><strong>“sed</strong></span> <span class='ocrx_word' id='word_1_28' title='bbox 1118 747 1204 790; x_wconf 90' lang='lat' dir='ltr'><strong>nam</strong></span> 
     </span>
     <span class='ocr_line' id='line_1_5' title="bbox 191 827 1204 914; baseline -0.003 -18"><span class='ocrx_word' id='word_1_29' title='bbox 191 833 254 898; x_wconf 84' lang='lat' dir='ltr'><strong>ista</strong></span> <span class='ocrx_word' id='word_1_30' title='bbox 268 830 403 897; x_wconf 84' lang='lat' dir='ltr'><strong>societas</strong></span> <span class='ocrx_word' id='word_1_31' title='bbox 414 827 489 894; x_wconf 87' lang='lat' dir='ltr'><strong>tulis</strong></span> <span class='ocrx_word' id='word_1_32' title='bbox 500 833 560 910; x_wconf 87' lang='lat' dir='ltr'><strong>est,</strong></span> <span class='ocrx_word' id='word_1_33' title='bbox 572 835 612 894; x_wconf 90' lang='lat' dir='ltr'><strong>ut</strong></span> <span class='ocrx_word' id='word_1_34' title='bbox 622 827 707 894; x_wconf 90' lang='lat' dir='ltr'><strong>nihil</strong></span> <span class='ocrx_word' id='word_1_35' title='bbox 718 847 816 894; x_wconf 92' lang='lat' dir='ltr'><strong>snum</strong></span> <span class='ocrx_word' id='word_1_36' title='bbox 827 828 986 914; x_wconf 87' lang='lat' dir='ltr'><strong>cuiusque</strong></span> <span class='ocrx_word' id='word_1_37' title='bbox 997 828 1057 894; x_wconf 78' lang='lat' dir='ltr'><strong>siti</strong></span> <span class='ocrx_word' id='word_1_38' title='bbox 1097 827 1204 906; x_wconf 83' lang='lat' dir='ltr'><strong>Quod</strong></span> 
     </span>
     <span class='ocr_line' id='line_1_6' title="bbox 191 929 1238 1018; baseline -0.006 -19"><span class='ocrx_word' id='word_1_39' title='bbox 191 935 220 1000; x_wconf 89' lang='lat' dir='ltr'><strong>si</strong></span> <span class='ocrx_word' id='word_1_40' title='bbox 234 933 281 999; x_wconf 83' lang='lat' dir='ltr'><strong>ita</strong></span> <span class='ocrx_word' id='word_1_41' title='bbox 292 940 351 1016; x_wconf 85' lang='lat' dir='ltr'><strong>est,</strong></span> <span class='ocrx_word' id='word_1_42' title='bbox 367 953 409 998; x_wconf 92' lang='lat' dir='ltr'><strong>ne</strong></span> <span class='ocrx_word' id='word_1_43' title='bbox 423 929 641 998; x_wconf 79' lang='lat' dir='ltr'><strong>vendendum</strong></span> <span class='ocrx_word' id='word_1_44' title='bbox 656 930 791 1018; x_wconf 89' lang='lat' dir='ltr'><strong>quidem</strong></span> <span class='ocrx_word' id='word_1_45' title='bbox 807 929 983 1018; x_wconf 88' lang='lat' dir='ltr'><strong>quicquam</strong></span> <span class='ocrx_word' id='word_1_46' title='bbox 997 937 1056 1015; x_wconf 90' lang='lat' dir='ltr'><strong>est,</strong></span> <span class='ocrx_word' id='word_1_47' title='bbox 1071 930 1133 997; x_wconf 89' lang='lat' dir='ltr'><strong>sed</strong></span> <span class='ocrx_word' id='word_1_48' title='bbox 1149 930 1206 996; x_wconf 84' lang='lat' dir='ltr'><strong>do</strong></span> <span class='ocrx_word' id='word_1_49' title='bbox 1225 952 1238 993; x_wconf 78' lang='lat' dir='ltr'><strong>r</strong></span> 
     </span>
     <span class='ocr_line' id='line_1_7' title="bbox 193 1033 372 1101; baseline -0.006 -1"><span class='ocrx_word' id='word_1_50' title='bbox 193 1033 372 1101; x_wconf 88' lang='lat' dir='ltr'><strong>nendum.’&#39;</strong></span> 
     </span>
    </p>

    <p class='ocr_par' dir='ltr' id='par_1_3' title="bbox 141 1133 1239 1530">
     <span class='ocr_line' id='line_1_8' title="bbox 141 1133 1206 1222; baseline -0.004 -18"><span class='ocrx_word' id='word_1_51' title='bbox 141 1143 183 1212; x_wconf 75' lang='lat'><strong>18</strong></span> <span class='ocrx_word' id='word_1_52' title='bbox 235 1136 342 1204; x_wconf 86' lang='lat' dir='ltr'><strong>Vides</strong></span> <span class='ocrx_word' id='word_1_53' title='bbox 373 1136 409 1201; x_wconf 89' lang='lat' dir='ltr'><strong>ia</strong></span> <span class='ocrx_word' id='word_1_54' title='bbox 441 1134 502 1202; x_wconf 85' lang='lat' dir='ltr'><strong>bac</strong></span> <span class='ocrx_word' id='word_1_55' title='bbox 533 1141 603 1201; x_wconf 84' lang='lat' dir='ltr'><strong>tote</strong></span> <span class='ocrx_word' id='word_1_56' title='bbox 634 1133 873 1222; x_wconf 86' lang='lat' dir='ltr'><strong>disceptatione</strong></span> <span class='ocrx_word' id='word_1_57' title='bbox 902 1156 970 1201; x_wconf 91' lang='lat' dir='ltr'><strong>non</strong></span> <span class='ocrx_word' id='word_1_58' title='bbox 998 1133 1081 1200; x_wconf 89' lang='lat' dir='ltr'><strong>illud</strong></span> <span class='ocrx_word' id='word_1_59' title='bbox 1113 1135 1206 1201; x_wconf 87' lang='lat' dir='ltr'><strong>diei:</strong></span> 
     </span>
     <span class='ocr_line' id='line_1_9' title="bbox 194 1236 1209 1324; baseline -0.002 -20"><span class='ocrx_word' id='word_1_60' title='bbox 194 1237 388 1317; x_wconf 84' lang='lat' dir='ltr'><strong>“Quamvis</strong></span> <span class='ocrx_word' id='word_1_61' title='bbox 409 1236 473 1303; x_wconf 89' lang='lat' dir='ltr'><strong>lroc</strong></span> <span class='ocrx_word' id='word_1_62' title='bbox 490 1243 588 1324; x_wconf 83' lang='lat' dir='ltr'><strong>turpe</strong></span> <span class='ocrx_word' id='word_1_63' title='bbox 605 1237 658 1320; x_wconf 88' lang='lat' dir='ltr'><strong>sit,</strong></span> <span class='ocrx_word' id='word_1_64' title='bbox 675 1245 796 1320; x_wconf 90' lang='lat' dir='ltr'><strong>tamen,</strong></span> <span class='ocrx_word' id='word_1_65' title='bbox 811 1237 970 1323; x_wconf 86' lang='lat' dir='ltr'><strong>quoniam</strong></span> <span class='ocrx_word' id='word_1_66' title='bbox 990 1237 1139 1324; x_wconf 89' lang='lat' dir='ltr'><strong>expedit,</strong></span> <span class='ocrx_word' id='word_1_67' title='bbox 1159 1237 1209 1302; x_wconf 87' lang='lat' dir='ltr'><strong>fa-</strong></span> 
     </span>
     <span class='ocr_line' id='line_1_10' title="bbox 192 1339 1209 1427; baseline -0.004 -19"><span class='ocrx_word' id='word_1_68' title='bbox 192 1340 309 1425; x_wconf 83' lang='lat' dir='ltr'><strong>ciam,&#39;&#39;</strong></span> <span class='ocrx_word' id='word_1_69' title='bbox 325 1340 384 1406; x_wconf 88' lang='lat' dir='ltr'><strong>sed</strong></span> <span class='ocrx_word' id='word_1_70' title='bbox 397 1339 446 1405; x_wconf 87' lang='lat' dir='ltr'><strong>ita</strong></span> <span class='ocrx_word' id='word_1_71' title='bbox 460 1339 626 1427; x_wconf 84' lang='lat' dir='ltr'><strong>expedire,</strong></span> <span class='ocrx_word' id='word_1_72' title='bbox 641 1348 681 1404; x_wconf 91' lang='lat' dir='ltr'><strong>nt</strong></span> <span class='ocrx_word' id='word_1_73' title='bbox 699 1347 797 1426; x_wconf 85' lang='lat' dir='ltr'><strong>turpe</strong></span> <span class='ocrx_word' id='word_1_74' title='bbox 811 1360 880 1405; x_wconf 90' lang='lat' dir='ltr'><strong>non</strong></span> <span class='ocrx_word' id='word_1_75' title='bbox 898 1339 950 1422; x_wconf 87' lang='lat' dir='ltr'><strong>sit,</strong></span> <span class='ocrx_word' id='word_1_76' title='bbox 966 1360 1008 1405; x_wconf 86' lang='lat' dir='ltr'><strong>ex</strong></span> <span class='ocrx_word' id='word_1_77' title='bbox 1024 1339 1129 1406; x_wconf 85' lang='lat' dir='ltr'><strong>altera</strong></span> <span class='ocrx_word' id='word_1_78' title='bbox 1152 1361 1209 1404; x_wconf 89' lang='lat' dir='ltr'><strong>au-</strong></span> 
     </span>
     <span class='ocr_line' id='line_1_11' title="bbox 193 1441 1239 1530; baseline -0.004 -20"><span class='ocrx_word' id='word_1_79' title='bbox 193 1451 262 1510; x_wconf 88' lang='lat' dir='ltr'><strong>tem</strong></span> <span class='ocrx_word' id='word_1_80' title='bbox 283 1450 387 1530; x_wconf 90' lang='lat' dir='ltr'><strong>parte,</strong></span> <span class='ocrx_word' id='word_1_81' title='bbox 406 1464 444 1507; x_wconf 88' lang='lat' dir='ltr'><strong>ea</strong></span> <span class='ocrx_word' id='word_1_82' title='bbox 466 1463 511 1524; x_wconf 93' lang='lat' dir='ltr'><strong>re,</strong></span> <span class='ocrx_word' id='word_1_83' title='bbox 527 1442 606 1528; x_wconf 90' lang='lat' dir='ltr'><strong>quia</strong></span> <span class='ocrx_word' id='word_1_84' title='bbox 628 1448 726 1528; x_wconf 88' lang='lat' dir='ltr'><strong>turpe</strong></span> <span class='ocrx_word' id='word_1_85' title='bbox 747 1441 800 1524; x_wconf 91' lang='lat' dir='ltr'><strong>sit,</strong></span> <span class='ocrx_word' id='word_1_86' title='bbox 816 1462 885 1507; x_wconf 93' lang='lat' dir='ltr'><strong>non</strong></span> <span class='ocrx_word' id='word_1_87' title='bbox 906 1463 976 1507; x_wconf 88' lang='lat' dir='ltr'><strong>esse</strong></span> <span class='ocrx_word' id='word_1_88' title='bbox 998 1441 1239 1508; x_wconf 63' lang='lat' dir='ltr'><strong>faciendumne</strong></span> 
     </span>
    </p>

    <p class='ocr_par' dir='ltr' id='par_1_4' title="bbox 145 1543 1241 2248">
     <span class='ocr_line' id='line_1_12' title="bbox 145 1543 1209 1632; baseline -0.007 -15"><span class='ocrx_word' id='word_1_89' title='bbox 145 1562 184 1617; x_wconf 78' lang='lat' dir='ltr'><strong>nt</strong></span> <span class='ocrx_word' id='word_1_90' title='bbox 196 1545 329 1614; x_wconf 81' lang='lat' dir='ltr'>Vendat</span> <span class='ocrx_word' id='word_1_91' title='bbox 343 1545 439 1612; x_wconf 89' lang='lat' dir='ltr'><strong>aedes</strong></span> <span class='ocrx_word' id='word_1_92' title='bbox 454 1544 506 1608; x_wconf 91' lang='lat' dir='ltr'><strong>vir</strong></span> <span class='ocrx_word' id='word_1_93' title='bbox 521 1544 626 1610; x_wconf 92' lang='lat' dir='ltr'><strong>bouus</strong></span> <span class='ocrx_word' id='word_1_94' title='bbox 644 1550 781 1631; x_wconf 89' lang='lat' dir='ltr'><strong>propter</strong></span> <span class='ocrx_word' id='word_1_95' title='bbox 797 1543 909 1630; x_wconf 86' lang='lat' dir='ltr'><strong>aliqua</strong></span> <span class='ocrx_word' id='word_1_96' title='bbox 923 1545 1012 1626; x_wconf 85' lang='lat' dir='ltr'><strong>vitia,</strong></span> <span class='ocrx_word' id='word_1_97' title='bbox 1028 1565 1112 1630; x_wconf 89' lang='lat' dir='ltr'><strong>qnae</strong></span> <span class='ocrx_word' id='word_1_98' title='bbox 1132 1545 1209 1632; x_wconf 87' lang='lat' dir='ltr'><strong>ipse</strong></span> 
     </span>
     <span class='ocr_line' id='line_1_13' title="bbox 194 1646 1211 1734; baseline -0.002 -20"><span class='ocrx_word' id='word_1_99' title='bbox 194 1651 292 1732; x_wconf 90' lang='lat' dir='ltr'><strong>norit,</strong></span> <span class='ocrx_word' id='word_1_100' title='bbox 308 1648 409 1714; x_wconf 90' lang='lat' dir='ltr'><strong>ceteri</strong></span> <span class='ocrx_word' id='word_1_101' title='bbox 431 1648 595 1734; x_wconf 84' lang='lat' dir='ltr'><strong>ignorent,</strong></span> <span class='ocrx_word' id='word_1_102' title='bbox 612 1646 803 1733; x_wconf 88' lang='lat' dir='ltr'><strong>pestilentes</strong></span> <span class='ocrx_word' id='word_1_103' title='bbox 820 1647 887 1712; x_wconf 89' lang='lat' dir='ltr'><strong>sint</strong></span> <span class='ocrx_word' id='word_1_104' title='bbox 904 1655 939 1712; x_wconf 90' lang='lat' dir='ltr'><strong>ot</strong></span> <span class='ocrx_word' id='word_1_105' title='bbox 957 1647 1145 1713; x_wconf 81' lang='lat' dir='ltr'><strong>habeantur</strong></span> <span class='ocrx_word' id='word_1_106' title='bbox 1162 1669 1211 1712; x_wconf 88' lang='lat' dir='ltr'><strong>sa-</strong></span> 
     </span>
     <span class='ocr_line' id='line_1_14' title="bbox 194 1749 1211 1840; baseline -0.003 -23"><span class='ocrx_word' id='word_1_107' title='bbox 194 1752 314 1836; x_wconf 87' lang='lat' dir='ltr'><strong>lubres,</strong></span> <span class='ocrx_word' id='word_1_108' title='bbox 340 1751 512 1840; x_wconf 82' lang='lat' dir='ltr'><strong>ignoretur</strong></span> <span class='ocrx_word' id='word_1_109' title='bbox 535 1749 571 1814; x_wconf 91' lang='lat' dir='ltr'><strong>in</strong></span> <span class='ocrx_word' id='word_1_110' title='bbox 593 1750 747 1816; x_wconf 92' lang='lat' dir='ltr'><strong>omnibns</strong></span> <span class='ocrx_word' id='word_1_111' title='bbox 772 1749 932 1816; x_wconf 82' lang='lat' dir='ltr'><strong>cubiculis</strong></span> <span class='ocrx_word' id='word_1_112' title='bbox 957 1771 1112 1836; x_wconf 89' lang='lat' dir='ltr'><strong>apparere</strong></span> <span class='ocrx_word' id='word_1_113' title='bbox 1142 1772 1211 1816; x_wconf 92' lang='lat' dir='ltr'><strong>ser-</strong></span> 
     </span>
     <span class='ocr_line' id='line_1_15' title="bbox 195 1851 1210 1942; baseline -0.002 -22"><span class='ocrx_word' id='word_1_114' title='bbox 195 1863 321 1942; x_wconf 85' lang='lat' dir='ltr'><strong>pentes,</strong></span> <span class='ocrx_word' id='word_1_115' title='bbox 336 1853 423 1920; x_wconf 88' lang='lat' dir='ltr'><strong>male</strong></span> <span class='ocrx_word' id='word_1_116' title='bbox 440 1852 630 1919; x_wconf 85' lang='lat' dir='ltr'><strong>materiatae</strong></span> <span class='ocrx_word' id='word_1_117' title='bbox 644 1851 723 1935; x_wconf 82' lang='lat' dir='ltr'><strong>siat,</strong></span> <span class='ocrx_word' id='word_1_118' title='bbox 741 1853 902 1936; x_wconf 81' lang='lat' dir='ltr'><strong>ruinosae,</strong></span> <span class='ocrx_word' id='word_1_119' title='bbox 918 1853 976 1919; x_wconf 91' lang='lat' dir='ltr'><strong>sed</strong></span> <span class='ocrx_word' id='word_1_120' title='bbox 993 1853 1053 1918; x_wconf 90' lang='lat' dir='ltr'><strong>hoc</strong></span> <span class='ocrx_word' id='word_1_121' title='bbox 1070 1861 1210 1939; x_wconf 86' lang='lat' dir='ltr'><strong>praeter</strong></span> 
     </span>
     <span class='ocr_line' id='line_1_16' title="bbox 194 1954 1241 2042; baseline 0 -19"><span class='ocrx_word' id='word_1_122' title='bbox 194 1958 367 2024; x_wconf 91' lang='lat' dir='ltr'><strong>dominnm</strong></span> <span class='ocrx_word' id='word_1_123' title='bbox 382 1977 481 2023; x_wconf 89' lang='lat' dir='ltr'><strong>nemo</strong></span> <span class='ocrx_word' id='word_1_124' title='bbox 496 1956 576 2022; x_wconf 86' lang='lat' dir='ltr'><strong>sciat</strong></span> <span class='ocrx_word' id='word_1_125' title='bbox 588 1977 599 2039; x_wconf 82' lang='lat'><em>3</em></span> <span class='ocrx_word' id='word_1_126' title='bbox 613 1976 744 2042; x_wconf 84' lang='lat' dir='ltr'><strong>quaero,</strong></span> <span class='ocrx_word' id='word_1_127' title='bbox 760 1955 788 2020; x_wconf 92' lang='lat' dir='ltr'><strong>si</strong></span> <span class='ocrx_word' id='word_1_128' title='bbox 805 1954 887 2022; x_wconf 86' lang='lat' dir='ltr'><strong>haec</strong></span> <span class='ocrx_word' id='word_1_129' title='bbox 904 1956 1103 2042; x_wconf 84' lang='lat' dir='ltr'><strong>emptoribus</strong></span> <span class='ocrx_word' id='word_1_130' title='bbox 1125 1979 1241 2023; x_wconf 81' lang='lat' dir='ltr'><strong>von-n</strong></span> 
     </span>
     <span class='ocr_line' id='line_1_17' title="bbox 195 2057 1208 2145; baseline 0.001 -21"><span class='ocrx_word' id='word_1_131' title='bbox 195 2060 284 2125; x_wconf 92' lang='lat' dir='ltr'><strong>ditor</strong></span> <span class='ocrx_word' id='word_1_132' title='bbox 309 2080 374 2124; x_wconf 92' lang='lat' dir='ltr'><strong>nou</strong></span> <span class='ocrx_word' id='word_1_133' title='bbox 401 2058 524 2124; x_wconf 84' lang='lat' dir='ltr'><strong>dixerit</strong></span> <span class='ocrx_word' id='word_1_134' title='bbox 553 2057 716 2145; x_wconf 85' lang='lat' dir='ltr'><strong>aedesque</strong></span> <span class='ocrx_word' id='word_1_135' title='bbox 738 2057 925 2124; x_wconf 86' lang='lat' dir='ltr'><strong>vendiderit</strong></span> <span class='ocrx_word' id='word_1_136' title='bbox 950 2058 1053 2145; x_wconf 86' lang='lat' dir='ltr'><strong>pluris</strong></span> <span class='ocrx_word' id='word_1_137' title='bbox 1080 2059 1208 2142; x_wconf 91' lang='lat' dir='ltr'><strong>multo,</strong></span> 
     </span>
     <span class='ocr_line' id='line_1_18' title="bbox 195 2160 1211 2248; baseline 0 -22"><span class='ocrx_word' id='word_1_138' title='bbox 195 2181 295 2248; x_wconf 86' lang='lat' dir='ltr'><strong>quam</strong></span> <span class='ocrx_word' id='word_1_139' title='bbox 320 2182 356 2226; x_wconf 88' lang='lat' dir='ltr'><strong>se</strong></span> <span class='ocrx_word' id='word_1_140' title='bbox 378 2161 591 2228; x_wconf 87' lang='lat' dir='ltr'><strong>venditurum</strong></span> <span class='ocrx_word' id='word_1_141' title='bbox 614 2161 749 2248; x_wconf 90' lang='lat' dir='ltr'><strong>putarit,</strong></span> <span class='ocrx_word' id='word_1_142' title='bbox 767 2182 848 2226; x_wconf 91' lang='lat' dir='ltr'><strong>num</strong></span> <span class='ocrx_word' id='word_1_143' title='bbox 871 2161 906 2226; x_wconf 90' lang='lat' dir='ltr'><strong>id</strong></span> <span class='ocrx_word' id='word_1_144' title='bbox 928 2160 1048 2226; x_wconf 86' lang='lat' dir='ltr'><strong>iniuste</strong></span> <span class='ocrx_word' id='word_1_145' title='bbox 1072 2171 1134 2227; x_wconf 91' lang='lat' dir='ltr'><strong>aut</strong></span> <span class='ocrx_word' id='word_1_146' title='bbox 1158 2163 1211 2226; x_wconf 90' lang='lat' dir='ltr'><strong>in·</strong></span> 
     </span>
    </p>

    <p class='ocr_par' dir='ltr' id='par_1_5' title="bbox 147 2261 1246 2861">
     <span class='ocr_line' id='line_1_19' title="bbox 147 2261 1211 2351; baseline 0.002 -23"><span class='ocrx_word' id='word_1_147' title='bbox 147 2285 185 2338; x_wconf 81' lang='lat'><strong>55</strong></span> <span class='ocrx_word' id='word_1_148' title='bbox 195 2263 297 2351; x_wconf 90' lang='lat' dir='ltr'><strong>probe</strong></span> <span class='ocrx_word' id='word_1_149' title='bbox 318 2262 446 2330; x_wconf 87' lang='lat' dir='ltr'><strong>iecerit.</strong></span> <span class='ocrx_word' id='word_1_150' title='bbox 492 2262 588 2330; x_wconf 88' lang='lat' dir='ltr'><strong>“Ille</strong></span> <span class='ocrx_word' id='word_1_151' title='bbox 610 2261 720 2346; x_wconf 82' lang='lat' dir='ltr'><strong>vor·0,”</strong></span> <span class='ocrx_word' id='word_1_152' title='bbox 739 2262 851 2348; x_wconf 88' lang='lat' dir='ltr'><strong>inquit</strong></span> <span class='ocrx_word' id='word_1_153' title='bbox 873 2262 1051 2350; x_wconf 85' lang='lat' dir='ltr'><strong>Antipater</strong></span> <span class='ocrx_word' id='word_1_154' title='bbox 1059 2285 1069 2346; x_wconf 81' lang='lat'><em>3</em></span> <span class='ocrx_word' id='word_1_155' title='bbox 1087 2267 1106 2302; x_wconf 86' lang='lat'>“</span> <span class='ocrx_word' id='word_1_156' title='bbox 1116 2266 1211 2350; x_wconf 91' lang='lat' dir='ltr'><strong>quid</strong></span> 
     </span>
     <span class='ocr_line' id='line_1_20' title="bbox 195 2365 1211 2453; baseline 0.001 -21"><span class='ocrx_word' id='word_1_157' title='bbox 195 2372 244 2432; x_wconf 90' lang='lat' dir='ltr'><strong>est</strong></span> <span class='ocrx_word' id='word_1_158' title='bbox 258 2365 348 2430; x_wconf 89' lang='lat' dir='ltr'><strong>enim</strong></span> <span class='ocrx_word' id='word_1_159' title='bbox 363 2365 453 2432; x_wconf 87' lang='lat' dir='ltr'><strong>aliud</strong></span> <span class='ocrx_word' id='word_1_160' title='bbox 469 2365 591 2432; x_wconf 90' lang='lat' dir='ltr'><strong>erranti</strong></span> <span class='ocrx_word' id='word_1_161' title='bbox 606 2365 692 2430; x_wconf 88' lang='lat' dir='ltr'><strong>viam</strong></span> <span class='ocrx_word' id='word_1_162' title='bbox 707 2385 774 2430; x_wconf 91' lang='lat' dir='ltr'><strong>non</strong></span> <span class='ocrx_word' id='word_1_163' title='bbox 790 2373 983 2448; x_wconf 85' lang='lat' dir='ltr'><strong>monstrare,</strong></span> <span class='ocrx_word' id='word_1_164' title='bbox 995 2366 1082 2453; x_wconf 91' lang='lat' dir='ltr'><strong>quod</strong></span> <span class='ocrx_word' id='word_1_165' title='bbox 1094 2366 1211 2434; x_wconf 87' lang='lat' dir='ltr'><strong>Athe-</strong></span> 
     </span>
     <span class='ocr_line' id='line_1_21' title="bbox 195 2467 1246 2556; baseline 0.004 -23"><span class='ocrx_word' id='word_1_166' title='bbox 195 2468 246 2533; x_wconf 90' lang='lat' dir='ltr'><strong>nis</strong></span> <span class='ocrx_word' id='word_1_167' title='bbox 260 2468 535 2536; x_wconf 81' lang='lat' dir='ltr'><strong>exsecrationibus</strong></span> <span class='ocrx_word' id='word_1_168' title='bbox 550 2467 692 2556; x_wconf 88' lang='lat' dir='ltr'><strong>publicis</strong></span> <span class='ocrx_word' id='word_1_169' title='bbox 705 2475 854 2534; x_wconf 84' lang='lat' dir='ltr'><strong>sanctum</strong></span> <span class='ocrx_word' id='word_1_170' title='bbox 870 2476 929 2552; x_wconf 88' lang='lat' dir='ltr'><strong>est,</strong></span> <span class='ocrx_word' id='word_1_171' title='bbox 942 2469 970 2534; x_wconf 89' lang='lat' dir='ltr'><strong>si</strong></span> <span class='ocrx_word' id='word_1_172' title='bbox 985 2469 1046 2535; x_wconf 91' lang='lat' dir='ltr'><strong>hoc</strong></span> <span class='ocrx_word' id='word_1_173' title='bbox 1057 2491 1122 2536; x_wconf 90' lang='lat' dir='ltr'><strong>uon</strong></span> <span class='ocrx_word' id='word_1_174' title='bbox 1142 2479 1246 2554; x_wconf 73' lang='lat' dir='ltr'><strong>estro</strong></span> 
     </span>
     <span class='ocr_line' id='line_1_22' title="bbox 193 2571 1211 2660; baseline 0.002 -22"><span class='ocrx_word' id='word_1_175' title='bbox 193 2579 377 2660; x_wconf 87' lang='lat' dir='ltr'><strong>emptorem</strong></span> <span class='ocrx_word' id='word_1_176' title='bbox 393 2571 463 2660; x_wconf 88' lang='lat' dir='ltr'><strong>pati</strong></span> <span class='ocrx_word' id='word_1_177' title='bbox 478 2593 573 2637; x_wconf 87' lang='lat' dir='ltr'><strong>ruere</strong></span> <span class='ocrx_word' id='word_1_178' title='bbox 587 2579 620 2637; x_wconf 88' lang='lat' dir='ltr'><strong>et</strong></span> <span class='ocrx_word' id='word_1_179' title='bbox 639 2593 699 2658; x_wconf 89' lang='lat' dir='ltr'><strong>per</strong></span> <span class='ocrx_word' id='word_1_180' title='bbox 712 2592 856 2638; x_wconf 88' lang='lat' dir='ltr'><strong>errorem</strong></span> <span class='ocrx_word' id='word_1_181' title='bbox 871 2571 906 2636; x_wconf 94' lang='lat' dir='ltr'><strong>in</strong></span> <span class='ocrx_word' id='word_1_182' title='bbox 921 2572 1096 2637; x_wconf 85' lang='lat' dir='ltr'><strong>maximam</strong></span> <span class='ocrx_word' id='word_1_183' title='bbox 1110 2573 1211 2640; x_wconf 87' lang='lat' dir='ltr'><strong>frau-</strong></span> 
     </span>
     <span class='ocr_line' id='line_1_23' title="bbox 194 2671 1210 2760; baseline 0.001 -19"><span class='ocrx_word' id='word_1_184' title='bbox 194 2676 270 2742; x_wconf 89' lang='lat' dir='ltr'><strong>dem</strong></span> <span class='ocrx_word' id='word_1_185' title='bbox 285 2675 473 2743; x_wconf 77' lang='lat' dir='ltr'><strong>incurreret</strong></span> <span class='ocrx_word' id='word_1_186' title='bbox 516 2671 599 2740; x_wconf 89' lang='lat' dir='ltr'><strong>Plns</strong></span> <span class='ocrx_word' id='word_1_187' title='bbox 621 2677 721 2740; x_wconf 85' lang='lat' dir='ltr'><strong>etiam</strong></span> <span class='ocrx_word' id='word_1_188' title='bbox 736 2683 786 2740; x_wconf 89' lang='lat' dir='ltr'><strong>est</strong></span> <span class='ocrx_word' id='word_1_189' title='bbox 803 2695 901 2760; x_wconf 90' lang='lat' dir='ltr'><strong>quam</strong></span> <span class='ocrx_word' id='word_1_190' title='bbox 918 2676 1006 2741; x_wconf 88' lang='lat' dir='ltr'><strong>viam</strong></span> <span class='ocrx_word' id='word_1_191' title='bbox 1024 2698 1090 2742; x_wconf 90' lang='lat' dir='ltr'><strong>uon</strong></span> <span class='ocrx_word' id='word_1_192' title='bbox 1107 2698 1210 2742; x_wconf 87' lang='lat' dir='ltr'><strong>mon·</strong></span> 
     </span>
     <span class='ocr_line' id='line_1_24' title="bbox 195 2777 1206 2861; baseline 0.001 -17"><span class='ocrx_word' id='word_1_193' title='bbox 195 2787 312 2861; x_wconf 86' lang='lat' dir='ltr'><strong>strare3</strong></span> <span class='ocrx_word' id='word_1_194' title='bbox 328 2801 405 2844; x_wconf 90' lang='lat' dir='ltr'><strong>nam</strong></span> <span class='ocrx_word' id='word_1_195' title='bbox 420 2785 469 2844; x_wconf 89' lang='lat' dir='ltr'><strong>est</strong></span> <span class='ocrx_word' id='word_1_196' title='bbox 480 2777 639 2843; x_wconf 88' lang='lat' dir='ltr'><strong>scientem</strong></span> <span class='ocrx_word' id='word_1_197' title='bbox 654 2778 689 2842; x_wconf 94' lang='lat' dir='ltr'><strong>in</strong></span> <span class='ocrx_word' id='word_1_198' title='bbox 702 2799 846 2844; x_wconf 90' lang='lat' dir='ltr'><strong>errorem</strong></span> <span class='ocrx_word' id='word_1_199' title='bbox 858 2777 999 2844; x_wconf 86' lang='lat' dir='ltr'><strong>alterum</strong></span> <span class='ocrx_word' id='word_1_200' title='bbox 1010 2779 1206 2846; x_wconf 84' lang='lat' dir='ltr'><strong>inducere.&#39;&#39;</strong></span> 
     </span>
    </p>

    <p class='ocr_par' dir='ltr' id='par_1_6' title="bbox 127 2870 1243 3173">
     <span class='ocr_line' id='line_1_25' title="bbox 127 2870 1207 2971; baseline -0.001 -21"><span class='ocrx_word' id='word_1_201' title='bbox 127 2881 361 2971; x_wconf 85' lang='lat' dir='ltr'><strong>(55)Diogenes</strong></span> <span class='ocrx_word' id='word_1_202' title='bbox 370 2889 497 2947; x_wconf 89' lang='lat' dir='ltr'><strong>contra:</strong></span> <span class='ocrx_word' id='word_1_203' title='bbox 510 2878 571 2946; x_wconf 89' lang='lat' dir='ltr'><strong>“N</strong></span> <span class='ocrx_word' id='word_1_204' title='bbox 574 2901 630 2944; x_wconf 91' lang='lat' dir='ltr'><strong>um</strong></span> <span class='ocrx_word' id='word_1_205' title='bbox 641 2870 674 2945; x_wconf 90' lang='lat' dir='ltr'><strong>te</strong></span> <span class='ocrx_word' id='word_1_206' title='bbox 683 2902 793 2946; x_wconf 89' lang='lat' dir='ltr'><strong>emere</strong></span> <span class='ocrx_word' id='word_1_207' title='bbox 804 2881 920 2968; x_wconf 80' lang='lat' dir='ltr'><strong>coe&#39;git,</strong></span> <span class='ocrx_word' id='word_1_208' title='bbox 930 2883 985 2968; x_wconf 88' lang='lat' dir='ltr'><strong>qui</strong></span> <span class='ocrx_word' id='word_1_209' title='bbox 999 2904 1041 2948; x_wconf 91' lang='lat' dir='ltr'><strong>ue</strong></span> <span class='ocrx_word' id='word_1_210' title='bbox 1051 2881 1207 2950; x_wconf 87' lang='lat' dir='ltr'><strong>hortatus</strong></span> 
     </span>
     <span class='ocr_line' id='line_1_26' title="bbox 194 2981 1243 3073; baseline 0.004 -24"><span class='ocrx_word' id='word_1_211' title='bbox 194 2985 327 3070; x_wconf 89' lang='lat' dir='ltr'><strong>quidem</strong></span> <span class='ocrx_word' id='word_1_212' title='bbox 346 2983 419 3050; x_wconf 78' lang='lat' dir='ltr'><strong>esti</strong></span> <span class='ocrx_word' id='word_1_213' title='bbox 461 2981 533 3065; x_wconf 91' lang='lat' dir='ltr'><strong>Ille,</strong></span> <span class='ocrx_word' id='word_1_214' title='bbox 558 2983 648 3070; x_wconf 91' lang='lat' dir='ltr'><strong>quod</strong></span> <span class='ocrx_word' id='word_1_215' title='bbox 665 3004 732 3048; x_wconf 92' lang='lat' dir='ltr'><strong>uon</strong></span> <span class='ocrx_word' id='word_1_216' title='bbox 752 2983 911 3069; x_wconf 87' lang='lat' dir='ltr'><strong>placebat,</strong></span> <span class='ocrx_word' id='word_1_217' title='bbox 929 2985 1126 3073; x_wconf 86' lang='lat' dir='ltr'><strong>proscripsit,</strong></span> <span class='ocrx_word' id='word_1_218' title='bbox 1153 2995 1243 3070; x_wconf 43' lang='lat' dir='ltr'><strong>tumr</strong></span> 
     </span>
     <span class='ocr_line' id='line_1_27' title="bbox 195 3084 1211 3173; baseline 0.005 -23"><span class='ocrx_word' id='word_1_219' title='bbox 195 3085 284 3172; x_wconf 90' lang='lat' dir='ltr'><strong>quod</strong></span> <span class='ocrx_word' id='word_1_220' title='bbox 298 3085 457 3172; x_wconf 86' lang='lat' dir='ltr'><strong>placebat,</strong></span> <span class='ocrx_word' id='word_1_221' title='bbox 475 3085 596 3151; x_wconf 88' lang='lat' dir='ltr'><strong>emisti.</strong></span> <span class='ocrx_word' id='word_1_222' title='bbox 640 3084 777 3169; x_wconf 82' lang='lat' dir='ltr'><strong>Quodsi,</strong></span> <span class='ocrx_word' id='word_1_223' title='bbox 792 3087 851 3172; x_wconf 91' lang='lat' dir='ltr'><strong>qui</strong></span> <span class='ocrx_word' id='word_1_224' title='bbox 866 3089 1211 3173; x_wconf 85' lang='lat' dir='ltr'><strong>proscribuntvillam·</strong></span> 
     </span>
    </p>
   </div>
   <div class='ocr_carea' id='block_1_3' title="bbox 194 3186 1236 3788">
    <p class='ocr_par' dir='ltr' id='par_1_7' title="bbox 194 3186 1236 3788">
     <span class='ocr_line' id='line_1_28' title="bbox 195 3186 1204 3276; baseline 0.004 -22"><span class='ocrx_word' id='word_1_225' title='bbox 195 3189 314 3254; x_wconf 87' lang='lat' dir='ltr'><strong>bonam</strong></span> <span class='ocrx_word' id='word_1_226' title='bbox 327 3187 478 3274; x_wconf 88' lang='lat' dir='ltr'><strong>beneque</strong></span> <span class='ocrx_word' id='word_1_227' title='bbox 489 3186 701 3272; x_wconf 88' lang='lat' dir='ltr'><strong>aedificatam,</strong></span> <span class='ocrx_word' id='word_1_228' title='bbox 710 3209 777 3255; x_wconf 91' lang='lat' dir='ltr'><strong>non</strong></span> <span class='ocrx_word' id='word_1_229' title='bbox 791 3189 1021 3256; x_wconf 86' lang='lat' dir='ltr'><strong>existimantur</strong></span> <span class='ocrx_word' id='word_1_230' title='bbox 1031 3191 1204 3276; x_wconf 79' lang='lat' dir='ltr'><strong>fefellisse,</strong></span> 
     </span>
     <span class='ocr_line' id='line_1_29' title="bbox 195 3289 1204 3376; baseline 0.004 -19"><span class='ocrx_word' id='word_1_231' title='bbox 195 3289 322 3357; x_wconf 87' lang='lat' dir='ltr'><strong>etiamsi</strong></span> <span class='ocrx_word' id='word_1_232' title='bbox 337 3289 395 3356; x_wconf 91' lang='lat' dir='ltr'><strong>illa</strong></span> <span class='ocrx_word' id='word_1_233' title='bbox 412 3312 474 3356; x_wconf 87' lang='lat' dir='ltr'><strong>neo</strong></span> <span class='ocrx_word' id='word_1_234' title='bbox 489 3291 576 3357; x_wconf 86' lang='lat' dir='ltr'><strong>bona</strong></span> <span class='ocrx_word' id='word_1_235' title='bbox 597 3298 646 3357; x_wconf 90' lang='lat' dir='ltr'><strong>est</strong></span> <span class='ocrx_word' id='word_1_236' title='bbox 668 3313 729 3358; x_wconf 87' lang='lat' dir='ltr'><strong>nec</strong></span> <span class='ocrx_word' id='word_1_237' title='bbox 750 3291 920 3358; x_wconf 87' lang='lat' dir='ltr'><strong>aedificata</strong></span> <span class='ocrx_word' id='word_1_238' title='bbox 937 3294 1073 3376; x_wconf 84' lang='lat' dir='ltr'><strong>ratione,</strong></span> <span class='ocrx_word' id='word_1_239' title='bbox 1093 3295 1204 3361; x_wconf 88' lang='lat' dir='ltr'><strong>multo</strong></span> 
     </span>
     <span class='ocr_line' id='line_1_30' title="bbox 194 3393 1203 3480; baseline 0.004 -21"><span class='ocrx_word' id='word_1_240' title='bbox 194 3393 315 3475; x_wconf 87' lang='lat' dir='ltr'><strong>minus,</strong></span> <span class='ocrx_word' id='word_1_241' title='bbox 327 3393 385 3480; x_wconf 90' lang='lat' dir='ltr'><strong>qui</strong></span> <span class='ocrx_word' id='word_1_242' title='bbox 401 3393 537 3459; x_wconf 89' lang='lat' dir='ltr'><strong>domum</strong></span> <span class='ocrx_word' id='word_1_243' title='bbox 553 3415 621 3459; x_wconf 92' lang='lat' dir='ltr'><strong>non</strong></span> <span class='ocrx_word' id='word_1_244' title='bbox 636 3393 820 3463; x_wconf 90' lang='lat' dir='ltr'><strong>laudarunt.</strong></span> <span class='ocrx_word' id='word_1_245' title='bbox 853 3395 923 3462; x_wconf 91' lang='lat' dir='ltr'><strong>Ubi</strong></span> <span class='ocrx_word' id='word_1_246' title='bbox 938 3396 1028 3462; x_wconf 89' lang='lat' dir='ltr'><strong>enim</strong></span> <span class='ocrx_word' id='word_1_247' title='bbox 1038 3396 1203 3463; x_wconf 88' lang='lat' dir='ltr'><strong>iudicium</strong></span> 
     </span>
     <span class='ocr_line' id='line_1_31' title="bbox 195 3495 1236 3584; baseline 0.003 -22"><span class='ocrx_word' id='word_1_248' title='bbox 195 3495 354 3582; x_wconf 89' lang='lat' dir='ltr'><strong>emptoris</strong></span> <span class='ocrx_word' id='word_1_249' title='bbox 368 3503 428 3577; x_wconf 91' lang='lat' dir='ltr'><strong>est,</strong></span> <span class='ocrx_word' id='word_1_250' title='bbox 440 3496 486 3562; x_wconf 89' lang='lat' dir='ltr'><strong>ibi</strong></span> <span class='ocrx_word' id='word_1_251' title='bbox 499 3496 591 3561; x_wconf 81' lang='lat' dir='ltr'><strong>fraus</strong></span> <span class='ocrx_word' id='word_1_252' title='bbox 601 3496 783 3562; x_wconf 85' lang='lat' dir='ltr'><strong>venditoris</strong></span> <span class='ocrx_word' id='word_1_253' title='bbox 797 3519 880 3584; x_wconf 86' lang='lat' dir='ltr'><strong>quae</strong></span> <span class='ocrx_word' id='word_1_254' title='bbox 892 3504 999 3584; x_wconf 87' lang='lat' dir='ltr'><strong>potest</strong></span> <span class='ocrx_word' id='word_1_255' title='bbox 1013 3499 1102 3564; x_wconf 85' lang='lat' dir='ltr'><strong>essel</strong></span> <span class='ocrx_word' id='word_1_256' title='bbox 1138 3499 1200 3565; x_wconf 84' lang='lat' dir='ltr'><strong>Sin</strong></span> <span class='ocrx_word' id='word_1_257' title='bbox 1210 3526 1236 3565; x_wconf 79' lang='lat' dir='ltr'><strong>eo</strong></span> 
     </span>
     <span class='ocr_line' id='line_1_32' title="bbox 195 3597 1201 3692; baseline 0.004 -28"><span class='ocrx_word' id='word_1_258' title='bbox 195 3606 305 3664; x_wconf 89' lang='lat' dir='ltr'><strong>autem</strong></span> <span class='ocrx_word' id='word_1_259' title='bbox 328 3597 456 3664; x_wconf 90' lang='lat' dir='ltr'><strong>dictum</strong></span> <span class='ocrx_word' id='word_1_260' title='bbox 481 3619 548 3664; x_wconf 90' lang='lat' dir='ltr'><strong>non</strong></span> <span class='ocrx_word' id='word_1_261' title='bbox 573 3621 670 3664; x_wconf 92' lang='lat' dir='ltr'><strong>omne</strong></span> <span class='ocrx_word' id='word_1_262' title='bbox 696 3599 927 3692; x_wconf 86' lang='lat' dir='ltr'><strong>praestandum</strong></span> <span class='ocrx_word' id='word_1_263' title='bbox 949 3607 1008 3685; x_wconf 89' lang='lat' dir='ltr'><strong>est,</strong></span> <span class='ocrx_word' id='word_1_264' title='bbox 1025 3602 1119 3688; x_wconf 90' lang='lat' dir='ltr'><strong>quod</strong></span> <span class='ocrx_word' id='word_1_265' title='bbox 1134 3603 1201 3668; x_wconf 85' lang='lat' dir='ltr'><strong>dic-</strong></span> 
     </span>
     <span class='ocr_line' id='line_1_33' title="bbox 195 3701 1207 3788; baseline 0.004 -20"><span class='ocrx_word' id='word_1_266' title='bbox 195 3710 268 3768; x_wconf 90' lang='lat' dir='ltr'><strong>tum</strong></span> <span class='ocrx_word' id='word_1_267' title='bbox 292 3723 358 3768; x_wconf 89' lang='lat' dir='ltr'><strong>non</strong></span> <span class='ocrx_word' id='word_1_268' title='bbox 383 3708 443 3785; x_wconf 87' lang='lat' dir='ltr'><strong>est,</strong></span> <span class='ocrx_word' id='word_1_269' title='bbox 467 3701 502 3766; x_wconf 91' lang='lat' dir='ltr'><strong>id</strong></span> <span class='ocrx_word' id='word_1_270' title='bbox 524 3701 753 3788; x_wconf 80' lang='lat' dir='ltr'><strong>praestandum</strong></span> <span class='ocrx_word' id='word_1_271' title='bbox 778 3703 894 3788; x_wconf 75' lang='lat' dir='ltr'><strong>putasi</strong></span> <span class='ocrx_word' id='word_1_272' title='bbox 925 3702 1027 3780; x_wconf 74' lang='lat' dir='ltr'><strong>Quid</strong></span> <span class='ocrx_word' id='word_1_273' title='bbox 1050 3706 1128 3772; x_wconf 84' lang='lat' dir='ltr'><strong>vero</strong></span> <span class='ocrx_word' id='word_1_274' title='bbox 1150 3715 1207 3772; x_wconf 88' lang='lat' dir='ltr'><strong>est·</strong></span> 
     </span>
    </p>
   </div>
   <div class='ocr_carea' id='block_1_4' title="bbox 0 0 1366 4372">
    <p class='ocr_par' dir='ltr' id='par_1_8' title="bbox 0 0 1366 4372">
     <span class='ocr_line' id='line_1_34' title="bbox 0 0 1366 4372; baseline 0 0"><span class='ocrx_word' id='word_1_275' title='bbox 0 0 1366 4372; x_wconf 95' lang='lat' dir='ltr'><strong> </strong></span> 
     </span>
    </p>
   </div>
  </div>
 </body>
</html>
