2710 4374
163 323 228 388 162
551 318 604 372 nn
625 317 780 373 omnus

163 472 307 540 Addunt
327 472 439 557 etiam,
453 471 614 560 quioquid
634 470 733 538 valde
753 469 838 538 utile
854 470 909 554 sit,
925 470 963 536 id
984 467 1060 536 fieri
1075 467 1168 536 hone

163 584 263 660 stum
284 575 416 642 etiamsi
436 581 534 641 antea
551 595 618 640 non
636 573 816 640 videretur.
860 572 955 640 Haec
971 573 1045 639 iere
1061 579 1169 638 contra

164 676 344 766 Regulum.
388 676 454 744 Sed
468 675 576 764 prima
590 675 772 742 videamus

96 747 155 895 30⁹4
209 779 318 846 “Non
340 779 410 847 fuit
435 778 590 867 Iuppiter
611 778 812 845 metuendus
834 800 879 846 ne
901 779 1007 844 iratus
1031 783 1170 856 noceret,

165 883 224 971 qni
238 904 346 971 neque
359 881 455 949 irasci
469 881 554 948 solet
567 901 630 948 nec
644 881 793 949 nocere.''
830 881 924 948 Haec
938 879 1077 968 quidem
1091 880 1171 946 ratio
1189 902 1203 943 u

164 1007 231 1052 non
247 985 353 1072 magis
366 991 480 1052 contra
494 983 618 1072 Reguli
634 1005 735 1072 qnam
750 993 864 1052 contra
881 1005 982 1051 omne
999 983 1052 1048 ins
1068 983 1173 1049 iuran-

164 1087 246 1154 dum
259 1088 360 1155 valet
404 1087 471 1154 Sed
496 1087 531 1152 in
560 1087 634 1153 inre
656 1087 798 1155 iurando
820 1107 889 1154 non
906 1087 966 1174 qui
983 1093 1103 1170 metus,
1116 1085 1174 1152 sed

164 1211 248 1278 qnae
262 1190 313 1256 vie
327 1190 381 1274 sit,
396 1190 496 1258 debet
509 1189 677 1278 intellegi;
691 1198 742 1258 est
755 1190 847 1258 euim
861 1191 914 1256 ins
928 1189 1108 1262 iurandum
1121 1188 1173 1254 ad·

163 1291 309 1360 firmatio
334 1292 506 1380 religiosa3
526 1292 618 1380 quod
643 1301 756 1360 autem
785 1291 959 1358 adfirmate
987 1291 1085 1379 quasi
1112 1290 1174 1356 deo

165 1404 250 1466 teste
266 1396 465 1484 promiseris,
480 1395 516 1461 id
533 1395 715 1462 tenendum
733 1403 793 1462 est.
838 1394 911 1461 lam
929 1395 1021 1460 enim
1043 1413 1111 1460 non
1133 1393 1174 1459 ad
1182 1415 1209 1457 1⁰

51 1569 56 1578 ,
166 1501 249 1567 iram
274 1499 422 1583 deorum,
444 1519 529 1586 quae
553 1497 646 1564 nulla
673 1505 733 1582 eet,
755 1498 814 1565 sed
837 1498 880 1564 ad
902 1497 1065 1564 iustitiam
1083 1495 1176 1563 etad

166 1601 266 1670 fidem
284 1601 440 1690 pertinet.
482 1599 574 1666 Nam
591 1600 757 1689 praeclare
771 1601 920 1668 Ennius:

291 1702 579 1785 orrnenmapn
590 1713 687 1786 pinnis
698 1717 729 1769 ec
739 1714 785 1770 rus
797 1714 947 1770 romaum
958 1713 1051 1770 10vrs1

169 1813 237 1892 Qui
254 1814 306 1880 ius
319 1812 423 1900 igitur
436 1809 614 1876 iurandum
632 1810 744 1895 violat,
759 1812 788 1878 ie
811 1811 931 1878 Fidem
945 1809 1060 1893 violat,
1076 1831 1177 1900 quam

170 1912 1213 2003 QOfflffimmhmwmwmmfflffiw

102 2026 160 2082 105
170 2016 304 2084 Catonis
314 2016 463 2083 oratione
476 2023 536 2100 est,
548 2016 687 2083 maiores
702 2017 806 2083 nostri
821 2038 890 2084 esse
902 2015 1091 2082 voluerunt.
1126 2015 1179 2080 At

169 2119 259 2186 enim
274 2140 316 2185 ne
331 2119 433 2184 iratus
447 2119 582 2206 quidem
598 2118 752 2207 Iuppiter
766 2119 840 2208 plus
855 2118 987 2208 Regulo
1001 2119 1178 2203 nocuisset,

169 2241 269 2308 quam
283 2220 346 2288 sibi
363 2223 477 2288 nocuit
491 2223 563 2310 ipse
577 2221 736 2309 Regulus
782 2221 892 2304 Certe,
908 2223 937 2288 si
950 2220 1037 2287 nihil
1051 2221 1179 2288 malum

169 2330 254 2392 esset
268 2323 332 2390 nisi
346 2322 468 2391 dolere.
511 2323 553 2390 Id
568 2332 681 2390 autem
694 2346 761 2391 non
778 2325 878 2392 modo
895 2326 992 2412 [non]
1008 2346 1180 2391 summum

170 2425 305 2511 malum,
320 2426 377 2494 sed
388 2447 432 2493 ne
445 2425 570 2492 malum
587 2427 724 2514 quidem
739 2448 808 2494 esse
823 2429 968 2494 maxima
982 2431 1216 2494 auctoritatem

173 2529 362 2618 philosophi
386 2527 571 2596 adfirmant
616 2528 768 2608 Quorum
796 2529 933 2617 quidem
962 2537 1083 2597 testem
1109 2549 1180 2597 non

171 2634 381 2716 mediocrem,
399 2632 457 2698 sed
483 2631 572 2698 haud
595 2632 663 2699 scio
685 2653 726 2698 an
750 2633 981 2720 gravissimum
1007 2631 1178 2720 Regulum

170 2737 285 2822 nolite,
303 2756 433 2825 quaeso,
449 2734 648 2822 vituperare.
693 2734 803 2813 Quem
821 2735 912 2801 enim
926 2735 1179 2823 locupletiorem
1299 2810 1309 2834 .

171 2840 359 2924 quaerimus
380 2859 480 2925 quam
502 2837 686 2925 principem
709 2836 827 2925 populi
848 2837 1004 2920 Romani,
1019 2839 1079 2924 qui
1104 2838 1180 2904 reti·

171 2941 273 3006 uendi
305 2939 403 3007 officii
431 2961 528 3006 causa
556 2941 738 3006 cruciatum
766 2939 905 3006 subierit
930 2939 1214 3006 voluntariumlas

171 3039 1181 3128 wawmmfflmmmmmmffimmmmm

172 3152 224 3212 ter
237 3143 348 3230 potius
362 3165 462 3231 quam
477 3143 674 3228 calamitose,
689 3165 732 3210 an
747 3152 796 3211 est
809 3144 917 3210 ullum
933 3145 1038 3210 maius
1053 3145 1179 3214 malum

172 3245 401 3334 turpitudinel
444 3269 527 3334 quae
552 3248 581 3314 si
604 3249 640 3314 in
668 3247 881 3314 deformitate
906 3248 1053 3335 corporis
1078 3246 1180 3314 habet

172 3348 297 3437 aliquid
326 3347 526 3432 offensionis,
553 3359 676 3438 quanta
704 3351 762 3416 illa
790 3351 982 3438 depravatio
1011 3358 1046 3417 et
1075 3349 1180 3417 foedi-

106 3465 163 3522 106
173 3459 223 3520 tas
254 3449 434 3538 turpificati
466 3453 570 3518 animi
602 3453 700 3520 debet
733 3453 856 3520 viderit
912 3451 1031 3540 Itaque
1062 3471 1213 3520 nervoso

172 3554 240 3622 sius
262 3554 322 3642 qni
350 3553 413 3620 ista
436 3553 611 3640 disserunt,
636 3554 743 3622 solnm
768 3553 893 3622 audent
917 3554 1042 3621 malum
1068 3554 1179 3620 dicere

172 3658 218 3743 id,
246 3657 335 3746 quod
366 3665 464 3745 turpe
492 3657 545 3739 sit,
574 3657 633 3745 qui
660 3665 771 3724 antem
804 3656 980 3741 remissius,
1009 3655 1035 3722 ii
1065 3662 1180 3724 tamen
